identifier,transaction_count,avg_price_eth,max_price_eth,min_price_eth,total_volume_eth,unique_buyers,unique_sellers
23799,0,0.0,0.0,0.0,0.0,0,0
28401,0,0.0,0.0,0.0,0.0,0,0
28400,0,0.0,0.0,0.0,0.0,0,0
22072,0,0.0,0.0,0.0,0.0,0,0
13616,8,1.452812375,1.9,1.077999,11.622499,0,0
23798,0,0.0,0.0,0.0,0.0,0,0
15933,0,0.0,0.0,0.0,0.0,0,0
27110,1,3.0,3.0,3.0,3.0,0,0
13206,3,1.86,2.09,1.55,5.58,0,0
21838,4,1.42,2.89,0.86,5.68,0,0
25176,0,0.0,0.0,0.0,0.0,0,0
22631,1,2.2,2.2,2.2,2.2,0,0
22630,2,1.0855,1.19,0.981,2.171,0,0
21998,8,1.6378856124999999,2.485,0.8878951,13.103084899999999,0,0
26726,0,0.0,0.0,0.0,0.0,0,0
23009,0,0.0,0.0,0.0,0.0,0,0
25002,17,1.4827,2.77,0.606,25.2059,0,0
25897,5,3.778,5.0,2.4,18.89,0,0
19446,1,2.95,2.95,2.95,2.95,0,0
21444,0,0.0,0.0,0.0,0.0,0,0
19276,0,0.0,0.0,0.0,0.0,0,0
24720,3,1.9000000000000001,2.25,1.45,5.7,0,0
23674,1,0.899399,0.899399,0.899399,0.899399,0,0
26344,2,2.71870992475,3.14,2.2974198495,5.4374198495,0,0
13460,0,0.0,0.0,0.0,0.0,0,0
23176,1,2.97,2.97,2.97,2.97,0,0
15805,3,5.106333333333333,7.62,2.199,15.318999999999999,0,0
15804,5,2.0724,4.25,0.731,10.362,0,0
25765,0,0.0,0.0,0.0,0.0,0,0
13122,1,3.7878,3.7878,3.7878,3.7878,0,0
26654,1,3.6,3.6,3.6,3.6,0,0
26386,8,2.9073749875,3.84,2.34,23.2589999,0,0
20274,1,3.777,3.777,3.777,3.777,0,0
29406,2,3.7224885,3.725,3.719977,7.444977,0,0
24738,33,1.8075987843939394,3.707,0.64,59.650759885,0,0
23198,12,2.9906666666666664,3.98,0.863,35.888,0,0
22050,2,3.7439999999999998,3.769,3.719,7.4879999999999995,0,0
20187,0,0.0,0.0,0.0,0.0,0,0
27330,6,2.887833283333334,3.71,0.77,17.326999700000002,0,0
29628,0,0.0,0.0,0.0,0.0,0,0
14164,1,3.49,3.49,3.49,3.49,0,0
22148,14,1.3985779214285714,3.5799939,0.8298,19.5800909,0,0
22394,0,0.0,0.0,0.0,0.0,0,0
16802,0,0.0,0.0,0.0,0.0,0,0
14926,6,1.6124333333333334,2.34,1.3,9.6746,0,0
12964,0,0.0,0.0,0.0,0.0,0,0
25240,0,0.0,0.0,0.0,0.0,0,0
29318,21,2.5296607085714284,3.579,0.87,53.12287488,0,0
23008,6,1.5938945,2.19,1.326,9.563367,0,0
11822,1,3.675,3.675,3.675,3.675,0,0
16195,10,1.7126000000000001,2.95,0.98,17.126,0,0
25528,0,0.0,0.0,0.0,0.0,0,0
11118,10,2.23875,3.34,1.2,22.3875,0,0
12136,8,2.8910125,3.839,0.911,23.1281,0,0
15917,0,0.0,0.0,0.0,0.0,0,0
22821,2,4.9345,7.5,2.369,9.869,0,0
22820,0,0.0,0.0,0.0,0.0,0,0
18882,0,0.0,0.0,0.0,0.0,0,0
19006,5,2.74572,3.469,2.4,13.7286,0,0
25484,0,0.0,0.0,0.0,0.0,0,0
12896,0,0.0,0.0,0.0,0.0,0,0
14149,0,0.0,0.0,0.0,0.0,0,0
11292,1,1.0,1.0,1.0,1.0,0,0
11760,0,0.0,0.0,0.0,0.0,0,0
16507,0,0.0,0.0,0.0,0.0,0,0
26204,0,0.0,0.0,0.0,0.0,0,0
11881,1,4.04,4.04,4.04,4.04,0,0
29550,1,1.0345,1.0345,1.0345,1.0345,0,0
16420,9,2.2202763666666665,3.49,0.814,19.9824873,0,0
27144,11,2.7501226272727273,4.222,1.6,30.2513489,0,0
28009,0,0.0,0.0,0.0,0.0,0,0
12254,0,0.0,0.0,0.0,0.0,0,0
20488,0,0.0,0.0,0.0,0.0,0,0
16506,0,0.0,0.0,0.0,0.0,0,0
20776,7,5.7068852712857145,5.949,5.2362,39.948196899,0,0
16340,6,5.5631666666666675,5.99,5.11,33.379000000000005,0,0
25447,0,0.0,0.0,0.0,0.0,0,0
19356,2,0.85,0.85,0.85,1.7,0,0
27910,0,0.0,0.0,0.0,0.0,0,0
19984,0,0.0,0.0,0.0,0.0,0,0
17025,1,2.12,2.12,2.12,2.12,0,0
28702,0,0.0,0.0,0.0,0.0,0,0
21218,0,0.0,0.0,0.0,0.0,0,0
22370,5,2.669599000002,3.202,2.21,13.34799500001,0,0
17008,0,0.0,0.0,0.0,0.0,0,0
18583,0,0.0,0.0,0.0,0.0,0,0
23344,2,7.495,8.0,6.99,14.99,0,0
12915,3,8.0151,11.0553,2.0,24.0453,0,0
11232,0,0.0,0.0,0.0,0.0,0,0
25678,2,6.295,6.6,5.99,12.59,0,0
11566,0,0.0,0.0,0.0,0.0,0,0
12914,10,7.053579000000001,10.3819,1.93,70.53579,0,0
20464,0,0.0,0.0,0.0,0.0,0,0
12714,2,8.475,14.5,2.45,16.95,0,0
27016,10,2.7799199999999997,5.83,0.8842,27.7992,0,0
23442,1,5.1249,5.1249,5.1249,5.1249,0,0
13068,2,2.69,3.1,2.28,5.38,0,0
24189,0,0.0,0.0,0.0,0.0,0,0
24188,0,0.0,0.0,0.0,0.0,0,0
14235,0,0.0,0.0,0.0,0.0,0,0
25438,0,0.0,0.0,0.0,0.0,0,0
15529,1,5.7,5.7,5.7,5.7,0,0
20174,6,4.11455,5.6,0.725,24.6873,0,0
21791,10,3.057999999,5.0,1.81,30.57999999,0,0
21790,2,8.75,16.0,1.5,17.5,0,0
16324,4,11.046875,15.4,1.459,44.1875,0,0
20668,0,0.0,0.0,0.0,0.0,0,0
26803,0,0.0,0.0,0.0,0.0,0,0
14120,4,12.4772,16.9674,7.54,49.9088,0,0
13211,0,0.0,0.0,0.0,0.0,0,0
13210,0,0.0,0.0,0.0,0.0,0,0
11517,0,0.0,0.0,0.0,0.0,0,0
29350,5,5.5598998,5.6695,5.242,27.799499,0,0
24854,0,0.0,0.0,0.0,0.0,0,0
26014,0,0.0,0.0,0.0,0.0,0,0
18051,0,0.0,0.0,0.0,0.0,0,0
28645,1,18.0,18.0,18.0,18.0,0,0
28644,20,2.5727157775,5.51,0.742,51.45431555,0,0
18378,7,4.0743285714285715,8.99,0.562,28.5203,0,0
26859,0,0.0,0.0,0.0,0.0,0,0
13249,0,0.0,0.0,0.0,0.0,0,0
19489,0,0.0,0.0,0.0,0.0,0,0
26967,0,0.0,0.0,0.0,0.0,0,0
26966,0,0.0,0.0,0.0,0.0,0,0
25998,6,9.983665,15.462,4.55,59.90199,0,0
28800,13,4.502115384615385,5.89,2.12,58.5275,0,0
22688,8,1.503212375,4.3579,0.566,12.025699,0,0
14167,0,0.0,0.0,0.0,0.0,0,0
15353,1,2.543,2.543,2.543,2.543,0,0
18504,14,7.792899285714285,15.99,2.29,109.10059,0,0
18582,0,0.0,0.0,0.0,0.0,0,0
16227,0,0.0,0.0,0.0,0.0,0,0
24337,0,0.0,0.0,0.0,0.0,0,0
28652,0,0.0,0.0,0.0,0.0,0,0
25231,0,0.0,0.0,0.0,0.0,0,0
30006,0,0.0,0.0,0.0,0.0,0,0
15117,0,0.0,0.0,0.0,0.0,0,0
18654,0,0.0,0.0,0.0,0.0,0,0
22377,0,0.0,0.0,0.0,0.0,0,0
25015,0,0.0,0.0,0.0,0.0,0,0
21431,3,15.2418,15.63,14.4704,45.7254,0,0
18548,0,0.0,0.0,0.0,0.0,0,0
18549,0,0.0,0.0,0.0,0.0,0,0
23759,2,6.8233333300000005,6.98,6.66666666,13.646666660000001,0,0
26917,1,8.8,8.8,8.8,8.8,0,0
29795,0,0.0,0.0,0.0,0.0,0,0
11276,18,9.618882277777779,15.5,4.92,173.139881,0,0
14524,10,7.3156988999799,9.104,5.22,73.156988999799,0,0
27569,0,0.0,0.0,0.0,0.0,0,0
28718,0,0.0,0.0,0.0,0.0,0,0
15650,6,3.649583,9.292,0.86,21.897498,0,0
18100,0,0.0,0.0,0.0,0.0,0,0
19045,0,0.0,0.0,0.0,0.0,0,0
22596,1,13.98,13.98,13.98,13.98,0,0
27362,5,2.9812000000000003,4.53,1.75,14.906,0,0
19268,0,0.0,0.0,0.0,0.0,0,0
11193,0,0.0,0.0,0.0,0.0,0,0
10192,0,0.0,0.0,0.0,0.0,0,0
12684,23,7.794777391304348,9.17,5.1,179.27988,0,0
14817,0,0.0,0.0,0.0,0.0,0,0
19910,0,0.0,0.0,0.0,0.0,0,0
21811,0,0.0,0.0,0.0,0.0,0,0
28797,0,0.0,0.0,0.0,0.0,0,0
27568,0,0.0,0.0,0.0,0.0,0,0
18527,0,0.0,0.0,0.0,0.0,0,0
28796,11,4.1895454545454545,9.01,1.2,46.085,0,0
18072,5,2.08647998,2.9,1.8397999,10.4323999,0,0
25281,5,3.7714,10.0,1.61,18.857,0,0
11316,0,0.0,0.0,0.0,0.0,0,0
18291,0,0.0,0.0,0.0,0.0,0,0
23548,9,15.74711111111111,17.19,14.73,141.724,0,0
17291,5,7.303999999999999,7.6,6.99,36.519999999999996,0,0
28453,0,0.0,0.0,0.0,0.0,0,0
15072,0,0.0,0.0,0.0,0.0,0,0
16502,0,0.0,0.0,0.0,0.0,0,0
21363,1,8.29,8.29,8.29,8.29,0,0
22023,0,0.0,0.0,0.0,0.0,0,0
12897,0,0.0,0.0,0.0,0.0,0,0
15653,0,0.0,0.0,0.0,0.0,0,0
15487,0,0.0,0.0,0.0,0.0,0,0
26342,1,0.67,0.67,0.67,0.67,0,0
19931,0,0.0,0.0,0.0,0.0,0,0
28563,2,8.635,9.9,7.37,17.27,0,0
22343,0,0.0,0.0,0.0,0.0,0,0
11914,21,16.27572428571419,21.0,5.78,341.790209999998,0,0
12056,0,0.0,0.0,0.0,0.0,0,0
29862,1,9.54,9.54,9.54,9.54,0,0
22929,11,4.5758,6.4388,3.25,50.3338,0,0
22928,5,8.06728,17.7011,2.4,40.3364,0,0
22342,0,0.0,0.0,0.0,0.0,0,0
15665,0,0.0,0.0,0.0,0.0,0,0
21879,0,0.0,0.0,0.0,0.0,0,0
19852,0,0.0,0.0,0.0,0.0,0,0
22405,0,0.0,0.0,0.0,0.0,0,0
22824,2,2.56585,2.6095,2.5222,5.1317,0,0
20643,6,2.9723333333333333,3.6,2.35,17.834,0,0
17903,4,13.024750000000001,15.28,7.75,52.099000000000004,0,0
18650,0,0.0,0.0,0.0,0.0,0,0
27907,0,0.0,0.0,0.0,0.0,0,0
12657,5,4.275119999999999,6.75,2.52,21.3756,0,0
12656,5,5.629999998000001,5.87,5.18699999,28.14999999,0,0
28885,0,0.0,0.0,0.0,0.0,0,0
10169,0,0.0,0.0,0.0,0.0,0,0
22597,17,1.813846823529353,6.2,0.681,30.835395999999,0,0
17850,0,0.0,0.0,0.0,0.0,0,0
11247,0,0.0,0.0,0.0,0.0,0,0
12164,0,0.0,0.0,0.0,0.0,0,0
16469,0,0.0,0.0,0.0,0.0,0,0
12038,0,0.0,0.0,0.0,0.0,0,0
23915,1,3.25,3.25,3.25,3.25,0,0
28526,47,14.728234042553192,18.888,11.53,692.227,0,0
19687,0,0.0,0.0,0.0,0.0,0,0
13930,0,0.0,0.0,0.0,0.0,0,0
22419,1,4.0,4.0,4.0,4.0,0,0
29973,5,9.37856,11.09,3.8,46.8928,0,0
11271,3,11.966666666666667,20.0,7.9,35.9,0,0
11419,0,0.0,0.0,0.0,0.0,0,0
17993,0,0.0,0.0,0.0,0.0,0,0
10853,5,3.44904,4.25,2.7,17.2452,0,0
18907,0,0.0,0.0,0.0,0.0,0,0
24826,0,0.0,0.0,0.0,0.0,0,0
23404,0,0.0,0.0,0.0,0.0,0,0
16459,0,0.0,0.0,0.0,0.0,0,0
10862,0,0.0,0.0,0.0,0.0,0,0
15709,0,0.0,0.0,0.0,0.0,0,0
10788,0,0.0,0.0,0.0,0.0,0,0
17588,0,0.0,0.0,0.0,0.0,0,0
14322,45,2.3003953464444447,3.96,1.226,103.51779059,0,0
23004,0,0.0,0.0,0.0,0.0,0,0
18788,9,2.6693111111111114,4.232,2.1528,24.0238,0,0
26449,0,0.0,0.0,0.0,0.0,0,0
14973,0,0.0,0.0,0.0,0.0,0,0
24089,0,0.0,0.0,0.0,0.0,0,0
17747,0,0.0,0.0,0.0,0.0,0,0
25624,0,0.0,0.0,0.0,0.0,0,0
10539,2,12.025,12.25,11.8,24.05,0,0
29564,0,0.0,0.0,0.0,0.0,0,0
25894,15,1.4373619266666666,1.9439,0.841,21.560428899999998,0,0
12518,0,0.0,0.0,0.0,0.0,0,0
22712,15,2.8870857266666667,3.95,1.845386,43.3062859,0,0
22464,2,8.845,13.99,3.7,17.69,0,0
14953,0,0.0,0.0,0.0,0.0,0,0
22252,0,0.0,0.0,0.0,0.0,0,0
26671,2,7.345000000000001,7.69,7.0,14.690000000000001,0,0
12172,1,17.0,17.0,17.0,17.0,0,0
27538,0,0.0,0.0,0.0,0.0,0,0
11132,0,0.0,0.0,0.0,0.0,0,0
27688,0,0.0,0.0,0.0,0.0,0,0
23104,0,0.0,0.0,0.0,0.0,0,0
29566,0,0.0,0.0,0.0,0.0,0,0
14912,16,3.2612062437500002,14.8,0.9336,52.179299900000004,0,0
25016,0,0.0,0.0,0.0,0.0,0,0
25014,0,0.0,0.0,0.0,0.0,0,0
14952,0,0.0,0.0,0.0,0.0,0,0
22914,5,0.737976,0.8095,0.663,3.68988,0,0
21325,0,0.0,0.0,0.0,0.0,0,0
21376,0,0.0,0.0,0.0,0.0,0,0
17453,0,0.0,0.0,0.0,0.0,0,0
17481,0,0.0,0.0,0.0,0.0,0,0
21545,0,0.0,0.0,0.0,0.0,0,0
29680,0,0.0,0.0,0.0,0.0,0,0
10063,2,3.355,3.57,3.14,6.71,0,0
18059,0,0.0,0.0,0.0,0.0,0,0
10995,4,3.013998,3.598992,2.43,12.055992,0,0
24415,1,1.5,1.5,1.5,1.5,0,0
11649,1,3.03,3.03,3.03,3.03,0,0
17557,0,0.0,0.0,0.0,0.0,0,0
17556,0,0.0,0.0,0.0,0.0,0,0
15298,0,0.0,0.0,0.0,0.0,0,0
12587,2,4.425,5.35,3.5,8.85,0,0
21345,6,7.185483333333334,12.58,3.289,43.1129,0,0
13188,10,1.9546775799999974,2.359,1.8130867999999731,19.546775799999974,0,0
14355,0,0.0,0.0,0.0,0.0,0,0
14354,0,0.0,0.0,0.0,0.0,0,0
15365,0,0.0,0.0,0.0,0.0,0,0
18965,0,0.0,0.0,0.0,0.0,0,0
18964,0,0.0,0.0,0.0,0.0,0,0
23425,2,2.2956,2.8,1.7912,4.5912,0,0
21676,3,1.9857618666666668,2.059,1.8682856,5.9572856000000005,0,0
29234,11,3.300972727272727,4.11,2.05,36.3107,0,0
12242,13,10.178384607692307,13.34,9.39,132.3189999,0,0
26217,2,8.4,8.8,8.0,16.8,0,0
13114,0,0.0,0.0,0.0,0.0,0,0
23845,0,0.0,0.0,0.0,0.0,0,0
15359,1,15.5,15.5,15.5,15.5,0,0
28440,1,2.2,2.2,2.2,2.2,0,0
19063,0,0.0,0.0,0.0,0.0,0,0
19069,0,0.0,0.0,0.0,0.0,0,0
29197,6,2.673166666666667,2.88,2.51,16.039,0,0
17488,0,0.0,0.0,0.0,0.0,0,0
13071,0,0.0,0.0,0.0,0.0,0,0
13070,0,0.0,0.0,0.0,0.0,0,0
25118,0,0.0,0.0,0.0,0.0,0,0
20952,3,2.2066666666666666,2.21,2.2,6.62,0,0
13974,32,2.192864015625,4.02988,0.69,70.1716485,0,0
11460,0,0.0,0.0,0.0,0.0,0,0
20111,0,0.0,0.0,0.0,0.0,0,0
25932,0,0.0,0.0,0.0,0.0,0,0
25933,0,0.0,0.0,0.0,0.0,0,0
21289,0,0.0,0.0,0.0,0.0,0,0
26367,0,0.0,0.0,0.0,0.0,0,0
13537,0,0.0,0.0,0.0,0.0,0,0
13536,0,0.0,0.0,0.0,0.0,0,0
16213,0,0.0,0.0,0.0,0.0,0,0
21282,11,6.249992727272727,6.73,5.39999,68.74992,0,0
22556,0,0.0,0.0,0.0,0.0,0,0
29461,0,0.0,0.0,0.0,0.0,0,0
20531,0,0.0,0.0,0.0,0.0,0,0
11201,0,0.0,0.0,0.0,0.0,0,0
25339,7,2.779442857142857,3.33,2.41,19.4561,0,0
22281,0,0.0,0.0,0.0,0.0,0,0
19963,0,0.0,0.0,0.0,0.0,0,0
19962,0,0.0,0.0,0.0,0.0,0,0
16215,0,0.0,0.0,0.0,0.0,0,0
10089,2,2.27,2.59,1.95,4.54,0,0
16667,5,2.5547999999999997,2.985,1.899,12.774,0,0
19479,6,2.6281666666666665,3.169,1.49,15.769,0,0
11298,13,2.5749033999999997,4.6469,0.78695,33.4737442,0,0
11890,7,2.4002857142857144,4.35,1.37,16.802,0,0
19488,0,0.0,0.0,0.0,0.0,0,0
25293,12,4.338416666666666,14.232,1.59,52.061,0,0
25246,0,0.0,0.0,0.0,0.0,0,0
21524,3,1.2793333333333334,1.299,1.24,3.838,0,0
21525,3,2.9966666666666666,3.29,2.64,8.99,0,0
11982,1,21.0,21.0,21.0,21.0,0,0
22293,1,7.01,7.01,7.01,7.01,0,0
11662,0,0.0,0.0,0.0,0.0,0,0
11626,5,9.02,19.0,6.17,45.1,0,0
22998,13,2.245299923076923,3.12,1.53,29.188899,0,0
23371,0,0.0,0.0,0.0,0.0,0,0
23369,0,0.0,0.0,0.0,0.0,0,0
23368,0,0.0,0.0,0.0,0.0,0,0
22640,39,8.23096923076923,13.3,3.48,321.0078,0,0
26531,0,0.0,0.0,0.0,0.0,0,0
26530,0,0.0,0.0,0.0,0.0,0,0
13828,0,0.0,0.0,0.0,0.0,0,0
28550,0,0.0,0.0,0.0,0.0,0,0
23757,2,15.825,17.25,14.4,31.65,0,0
21660,21,8.206685723809525,12.92,3.7,172.3404002,0,0
19886,19,4.1396383684210525,6.66,2.1244,78.65312899999999,0,0
17846,15,5.3361860666666665,14.69,0.667,80.042791,0,0
22186,1,19.99,19.99,19.99,19.99,0,0
12035,0,0.0,0.0,0.0,0.0,0,0
17647,3,1.1426666666666667,1.258,1.05,3.428,0,0
29526,13,10.961461538461538,17.9,1.999,142.499,0,0
11308,0,0.0,0.0,0.0,0.0,0,0
14011,1,5.2,5.2,5.2,5.2,0,0
24025,0,0.0,0.0,0.0,0.0,0,0
15647,2,12.6875,13.29,12.085,25.375,0,0
22263,0,0.0,0.0,0.0,0.0,0,0
24278,4,2.1812,2.2,2.14,8.7248,0,0
20127,3,11.343333333333334,25.0,1.45,34.03,0,0
29227,0,0.0,0.0,0.0,0.0,0,0
21727,0,0.0,0.0,0.0,0.0,0,0
10023,0,0.0,0.0,0.0,0.0,0,0
13350,10,4.3738699999,6.068,2.66,43.738699999,0,0
23151,0,0.0,0.0,0.0,0.0,0,0
14009,0,0.0,0.0,0.0,0.0,0,0
10401,0,0.0,0.0,0.0,0.0,0,0
15058,8,5.2010125,16.23,2.5,41.6081,0,0
12753,3,19.0,20.0,18.5,57.0,0,0
12752,0,0.0,0.0,0.0,0.0,0,0
23534,1,1.58e-08,1.58e-08,1.58e-08,1.58e-08,0,0
13630,3,11.096666666666666,17.4,3.2,33.29,0,0
20984,0,0.0,0.0,0.0,0.0,0,0
14427,1,8.0,8.0,8.0,8.0,0,0
20001,0,0.0,0.0,0.0,0.0,0,0
29701,0,0.0,0.0,0.0,0.0,0,0
17241,0,0.0,0.0,0.0,0.0,0,0
20000,0,0.0,0.0,0.0,0.0,0,0
14968,5,3.327217776,4.475,1.71898888,16.63608888,0,0
13036,13,2.7364076923076928,4.05,1.8678,35.5733,0,0
27542,0,0.0,0.0,0.0,0.0,0,0
27090,4,4.005,4.1,3.94,16.02,0,0
13148,6,8.320033333333333,35.0,2.2543,49.9202,0,0
22230,21,2.390633604761905,4.023606,1.4978998,50.2033057,0,0
29081,2,16.25,17.0,15.5,32.5,0,0
29074,14,2.6710048713571433,18.0,0.875,37.394068199,0,0
12465,2,5.995,8.99,3.0,11.99,0,0
12464,14,4.098213314285714,7.5,1.954,57.3749864,0,0
14029,0,0.0,0.0,0.0,0.0,0,0
14028,0,0.0,0.0,0.0,0.0,0,0
21586,0,0.0,0.0,0.0,0.0,0,0
24437,3,3.1096,4.0,2.6388,9.3288,0,0
19283,2,15.975,16.75,15.2,31.95,0,0
17583,0,0.0,0.0,0.0,0.0,0,0
26179,0,0.0,0.0,0.0,0.0,0,0
26178,0,0.0,0.0,0.0,0.0,0,0
21853,1,1.7,1.7,1.7,1.7,0,0
19828,0,0.0,0.0,0.0,0.0,0,0
23561,2,2.62965,2.888,2.3713,5.2593,0,0
27364,17,4.149485264705882,5.5,1.5401,70.5412495,0,0
16336,9,5.09262,13.5,2.059,45.83358,0,0
28871,0,0.0,0.0,0.0,0.0,0,0
11716,50,2.9710445720000003,4.46,1.7699998,148.5522286,0,0
25062,1,17.0,17.0,17.0,17.0,0,0
23472,1,16.5,16.5,16.5,16.5,0,0
14200,1,16.5,16.5,16.5,16.5,0,0
14076,9,2.398093977777778,3.0,1.84,21.5828458,0,0
29988,9,4.189854444444444,4.83,2.15,37.70869,0,0
14993,1,19.0,19.0,19.0,19.0,0,0
15581,0,0.0,0.0,0.0,0.0,0,0
26268,0,0.0,0.0,0.0,0.0,0,0
17087,0,0.0,0.0,0.0,0.0,0,0
11452,0,0.0,0.0,0.0,0.0,0,0
26888,0,0.0,0.0,0.0,0.0,0,0
18574,0,0.0,0.0,0.0,0.0,0,0
22471,1,5.0,5.0,5.0,5.0,0,0
17981,0,0.0,0.0,0.0,0.0,0,0
15713,0,0.0,0.0,0.0,0.0,0,0
23257,0,0.0,0.0,0.0,0.0,0,0
27674,0,0.0,0.0,0.0,0.0,0,0
10503,11,2.0906172727272727,7.6398,1.03,22.99679,0,0
10174,20,2.6262497445,4.018988,1.71,52.52499489,0,0
15595,0,0.0,0.0,0.0,0.0,0,0
17113,4,5.6697500000000005,5.98,5.35,22.679000000000002,0,0
24276,3,2.4391833333333333,2.68755,2.15,7.31755,0,0
17112,21,4.858704757142857,5.9587999,2.63,102.0327999,0,0
10439,10,3.4695500000000004,5.55,2.0,34.6955,0,0
18990,0,0.0,0.0,0.0,0.0,0,0
15906,19,2.026018542631579,4.25,0.902,38.49435231,0,0
22643,0,0.0,0.0,0.0,0.0,0,0
16473,0,0.0,0.0,0.0,0.0,0,0
16755,2,3.75,4.0,3.5,7.5,0,0
18029,0,0.0,0.0,0.0,0.0,0,0
18028,0,0.0,0.0,0.0,0.0,0,0
29012,0,0.0,0.0,0.0,0.0,0,0
17712,0,0.0,0.0,0.0,0.0,0,0
11174,0,0.0,0.0,0.0,0.0,0,0
28326,7,16.417142857142856,17.88,15.05,114.92,0,0
12987,4,4.215,4.99,3.31,16.86,0,0
14911,3,1.37,1.47,1.27,4.11,0,0
23527,0,0.0,0.0,0.0,0.0,0,0
15891,0,0.0,0.0,0.0,0.0,0,0
16784,15,3.0842076,19.69,1.65,46.263114,0,0
10702,23,6.270682560434782,14.99,0.82,144.22569889,0,0
11630,0,0.0,0.0,0.0,0.0,0,0
25227,0,0.0,0.0,0.0,0.0,0,0
21274,0,0.0,0.0,0.0,0.0,0,0
19498,0,0.0,0.0,0.0,0.0,0,0
16052,0,0.0,0.0,0.0,0.0,0,0
24153,0,0.0,0.0,0.0,0.0,0,0
15732,0,0.0,0.0,0.0,0.0,0,0
14527,0,0.0,0.0,0.0,0.0,0,0
14122,0,0.0,0.0,0.0,0.0,0,0
14300,32,4.693092465625,20.95,1.338399,150.1789589,0,0
10384,1,21.0,21.0,21.0,21.0,0,0
27973,0,0.0,0.0,0.0,0.0,0,0
27854,17,11.335170588235295,150.0,0.853,192.6979,0,0
11638,7,6.999051285714286,19.349,1.64,48.993359,0,0
18541,0,0.0,0.0,0.0,0.0,0,0
19761,4,2.617,4.31,1.69,10.468,0,0
24356,0,0.0,0.0,0.0,0.0,0,0
15908,0,0.0,0.0,0.0,0.0,0,0
23485,0,0.0,0.0,0.0,0.0,0,0
11054,1,14.9999,14.9999,14.9999,14.9999,0,0
26213,0,0.0,0.0,0.0,0.0,0,0
24074,0,0.0,0.0,0.0,0.0,0,0
23502,0,0.0,0.0,0.0,0.0,0,0
12904,0,0.0,0.0,0.0,0.0,0,0
11726,2,2.6425,2.655,2.63,5.285,0,0
11816,7,5.081968571428571,5.88,4.5113,35.57378,0,0
11817,4,3.109675,3.7,2.8487,12.4387,0,0
11863,2,3.98,4.37,3.59,7.96,0,0
19190,15,4.522971999999999,14.27,1.66,67.84458,0,0
19646,15,14.598666666666666,16.26,2.08,218.98,0,0
26222,12,4.981108333333333,7.3,1.7798,59.7733,0,0
17330,0,0.0,0.0,0.0,0.0,0,0
15705,4,10.637575,10.888,10.46,42.5503,0,0
17824,0,0.0,0.0,0.0,0.0,0,0
18351,1,26.0,26.0,26.0,26.0,0,0
10494,8,3.3818585,13.6,1.37,27.054868,0,0
29575,0,0.0,0.0,0.0,0.0,0,0
17066,7,5.062942857142858,15.56,0.767,35.4406,0,0
16332,0,0.0,0.0,0.0,0.0,0,0
10896,0,0.0,0.0,0.0,0.0,0,0
24842,0,0.0,0.0,0.0,0.0,0,0
25228,0,0.0,0.0,0.0,0.0,0,0
10562,0,0.0,0.0,0.0,0.0,0,0
17843,19,10.574586842105262,21.9,1.97,200.91715,0,0
16569,0,0.0,0.0,0.0,0.0,0,0
19536,4,3.76895,3.956,3.3367,15.0758,0,0
13781,7,10.31572857142857,21.95,5.26,72.2101,0,0
12644,0,0.0,0.0,0.0,0.0,0,0
10049,0,0.0,0.0,0.0,0.0,0,0
22547,0,0.0,0.0,0.0,0.0,0,0
22546,0,0.0,0.0,0.0,0.0,0,0
20392,0,0.0,0.0,0.0,0.0,0,0
21098,4,8.3075,21.75,3.0,33.23,0,0
14223,0,0.0,0.0,0.0,0.0,0,0
15778,0,0.0,0.0,0.0,0.0,0,0
18878,1,1.8,1.8,1.8,1.8,0,0
27545,1,2.68,2.68,2.68,2.68,0,0
17416,10,2.00848302,2.11,1.81,20.0848302,0,0
12034,0,0.0,0.0,0.0,0.0,0,0
10398,26,13.041153846153845,16.3,10.62,339.07,0,0
12060,0,0.0,0.0,0.0,0.0,0,0
12070,0,0.0,0.0,0.0,0.0,0,0
15556,0,0.0,0.0,0.0,0.0,0,0
14459,0,0.0,0.0,0.0,0.0,0,0
26142,3,5.058599999999999,13.25,0.951,15.175799999999999,0,0
12720,0,0.0,0.0,0.0,0.0,0,0
18657,0,0.0,0.0,0.0,0.0,0,0
23581,4,15.21545,18.5,12.3618,60.8618,0,0
16183,0,0.0,0.0,0.0,0.0,0,0
10519,3,1.9833333333333334,2.5,1.35,5.95,0,0
15629,0,0.0,0.0,0.0,0.0,0,0
22772,0,0.0,0.0,0.0,0.0,0,0
12444,0,0.0,0.0,0.0,0.0,0,0
18017,2,3.5875,7.175,0.0,7.175,0,0
18016,20,8.386149945,10.83,0.0,167.7229989,0,0
24797,4,6.9525,17.7,0.0,27.81,0,0
24796,7,6.312857142857142,11.99,0.0,44.19,0,0
19145,2,6.7445,13.489,0.0,13.489,0,0
14675,13,5.267615384615384,6.3,2.4,68.479,0,0
19144,3,7.483,11.5,0.0,22.448999999999998,0,0
10070,0,0.0,0.0,0.0,0.0,0,0
16638,0,0.0,0.0,0.0,0.0,0,0
16208,0,0.0,0.0,0.0,0.0,0,0
24358,0,0.0,0.0,0.0,0.0,0,0
17296,50,8.064645574,15.4,1.84,403.2322787,0,0
17059,0,0.0,0.0,0.0,0.0,0,0
17058,0,0.0,0.0,0.0,0.0,0,0
12627,0,0.0,0.0,0.0,0.0,0,0
23424,17,1.8344569882352941,3.34499,0.722,31.1857688,0,0
29900,0,0.0,0.0,0.0,0.0,0,0
18117,0,0.0,0.0,0.0,0.0,0,0
18116,0,0.0,0.0,0.0,0.0,0,0
12049,0,0.0,0.0,0.0,0.0,0,0
21865,8,2.4099375,3.6,1.36,19.2795,0,0
24275,2,11.17205,11.444,10.9001,22.3441,0,0
20887,2,12.395,12.5,12.29,24.79,0,0
25292,28,10.519285714285715,13.25,7.98,294.54,0,0
14636,0,0.0,0.0,0.0,0.0,0,0
22756,3,1.8597333333333335,2.42,1.56,5.5792,0,0
27658,1,23.6,23.6,23.6,23.6,0,0
16472,0,0.0,0.0,0.0,0.0,0,0
13369,0,0.0,0.0,0.0,0.0,0,0
29982,10,6.894050000999999,16.0,2.769,68.94050001,0,0
21252,38,10.859464294631053,15.98,4.399,412.65964319598,0,0
25951,0,0.0,0.0,0.0,0.0,0,0
13619,0,0.0,0.0,0.0,0.0,0,0
24193,0,0.0,0.0,0.0,0.0,0,0
24192,0,0.0,0.0,0.0,0.0,0,0
15551,0,0.0,0.0,0.0,0.0,0,0
15053,1,25.0,25.0,25.0,25.0,0,0
21439,0,0.0,0.0,0.0,0.0,0,0
10610,3,0.9561993333,1.15,0.84,2.8685979999,0,0
19316,0,0.0,0.0,0.0,0.0,0,0
20918,11,14.385454545454547,19.69,12.9,158.24,0,0
21438,0,0.0,0.0,0.0,0.0,0,0
19760,5,0.7816799999999999,0.925,0.66,3.9084,0,0
16248,0,0.0,0.0,0.0,0.0,0,0
13815,0,0.0,0.0,0.0,0.0,0,0
28580,0,0.0,0.0,0.0,0.0,0,0
16062,0,0.0,0.0,0.0,0.0,0,0
22826,2,4.895,4.99,4.8,9.79,0,0
21752,16,7.285510355812494,14.7,1.4299709,116.5681656929999,0,0
15954,0,0.0,0.0,0.0,0.0,0,0
10043,0,0.0,0.0,0.0,0.0,0,0
17626,0,0.0,0.0,0.0,0.0,0,0
13814,0,0.0,0.0,0.0,0.0,0,0
25315,0,0.0,0.0,0.0,0.0,0,0
24576,0,0.0,0.0,0.0,0.0,0,0
16182,0,0.0,0.0,0.0,0.0,0,0
17237,7,1.9255714285714285,4.35,0.85,13.479,0,0
27629,0,0.0,0.0,0.0,0.0,0,0
18913,0,0.0,0.0,0.0,0.0,0,0
17759,3,2.7783333333333338,3.555,2.29,8.335,0,0
21358,0,0.0,0.0,0.0,0.0,0,0
13705,0,0.0,0.0,0.0,0.0,0,0
17092,16,2.2998499968756247,4.05,0.7869,36.797599950009996,0,0
25650,3,19.99663333333333,30.9999,12.5,59.9899,0,0
23777,0,0.0,0.0,0.0,0.0,0,0
23776,0,0.0,0.0,0.0,0.0,0,0
28042,36,9.543119330555555,15.88,1.7871,343.5522959,0,0
24144,5,14.6918,18.5,12.99,73.459,0,0
17388,1,20.99,20.99,20.99,20.99,0,0
19310,0,0.0,0.0,0.0,0.0,0,0
26960,0,0.0,0.0,0.0,0.0,0,0
14150,0,0.0,0.0,0.0,0.0,0,0
27765,14,3.1537785714285715,5.56,1.02,44.1529,0,0
12598,0,0.0,0.0,0.0,0.0,0,0
16254,0,0.0,0.0,0.0,0.0,0,0
10293,0,0.0,0.0,0.0,0.0,0,0
16854,0,0.0,0.0,0.0,0.0,0,0
11433,1,1.22,1.22,1.22,1.22,0,0
18322,0,0.0,0.0,0.0,0.0,0,0
27820,0,0.0,0.0,0.0,0.0,0,0
25298,0,0.0,0.0,0.0,0.0,0,0
19000,0,0.0,0.0,0.0,0.0,0,0
25950,0,0.0,0.0,0.0,0.0,0,0
13511,5,2.3233800000000002,2.8533,2.0056,11.616900000000001,0,0
28788,0,0.0,0.0,0.0,0.0,0,0
21646,0,0.0,0.0,0.0,0.0,0,0
27276,3,9.446666666666667,15.0,0.01,28.34,0,0
28579,0,0.0,0.0,0.0,0.0,0,0
29620,19,12.908894736842106,16.29,4.78,245.269,0,0
15961,0,0.0,0.0,0.0,0.0,0,0
26454,16,2.02784855625,5.2,0.915,32.4455769,0,0
15704,12,6.217571666666667,10.2,0.58,74.61086,0,0
24625,0,0.0,0.0,0.0,0.0,0,0
25670,0,0.0,0.0,0.0,0.0,0,0
17108,0,0.0,0.0,0.0,0.0,0,0
24091,3,0.7599999999666668,0.7699999999,0.75,2.2799999999000002,0,0
27292,10,4.98027,6.368,3.76,49.8027,0,0
22248,0,0.0,0.0,0.0,0.0,0,0
19302,0,0.0,0.0,0.0,0.0,0,0
23936,0,0.0,0.0,0.0,0.0,0,0
29928,0,0.0,0.0,0.0,0.0,0,0
11565,0,0.0,0.0,0.0,0.0,0,0
11564,0,0.0,0.0,0.0,0.0,0,0
17500,0,0.0,0.0,0.0,0.0,0,0
13226,0,0.0,0.0,0.0,0.0,0,0
24289,0,0.0,0.0,0.0,0.0,0,0
12800,0,0.0,0.0,0.0,0.0,0,0
18743,0,0.0,0.0,0.0,0.0,0,0
14676,0,0.0,0.0,0.0,0.0,0,0
15085,0,0.0,0.0,0.0,0.0,0,0
15084,0,0.0,0.0,0.0,0.0,0,0
18883,0,0.0,0.0,0.0,0.0,0,0
28182,16,3.556249375,23.5,0.92959,56.89999,0,0
27962,0,0.0,0.0,0.0,0.0,0,0
27662,5,6.57966,29.56,0.802,32.8983,0,0
27970,11,8.440581818181819,9.9899,1.89,92.8464,0,0
27968,10,8.40882,9.8492,7.87,84.0882,0,0
27960,0,0.0,0.0,0.0,0.0,0,0
11200,0,0.0,0.0,0.0,0.0,0,0
22310,0,0.0,0.0,0.0,0.0,0,0
24210,0,0.0,0.0,0.0,0.0,0,0
22311,0,0.0,0.0,0.0,0.0,0,0
25852,4,7.16925,9.95,6.102,28.677,0,0
18058,0,0.0,0.0,0.0,0.0,0,0
17796,0,0.0,0.0,0.0,0.0,0,0
29713,2,3.35,3.6,3.1,6.7,0,0
29712,16,4.6219,7.73,2.3499,73.9504,0,0
13457,2,18.695,20.4,16.99,37.39,0,0
17001,0,0.0,0.0,0.0,0.0,0,0
27293,2,2.385,2.49,2.28,4.77,0,0
12976,4,15.43625,29.94,0.92,61.745,0,0
26787,4,5.44,16.5,1.15,21.76,0,0
10920,0,0.0,0.0,0.0,0.0,0,0
25442,0,0.0,0.0,0.0,0.0,0,0
27359,0,0.0,0.0,0.0,0.0,0,0
11569,0,0.0,0.0,0.0,0.0,0,0
29398,0,0.0,0.0,0.0,0.0,0,0
28633,0,0.0,0.0,0.0,0.0,0,0
27258,0,0.0,0.0,0.0,0.0,0,0
28632,0,0.0,0.0,0.0,0.0,0,0
19469,0,0.0,0.0,0.0,0.0,0,0
10515,0,0.0,0.0,0.0,0.0,0,0
18675,3,6.219333333333334,6.66,5.999,18.658,0,0
23620,0,0.0,0.0,0.0,0.0,0,0
25728,5,14.193592200000001,28.0,5.3,70.967961,0,0
26348,2,10.942499999999999,14.61,7.275,21.884999999999998,0,0
11610,0,0.0,0.0,0.0,0.0,0,0
13892,0,0.0,0.0,0.0,0.0,0,0
28306,19,11.540889421052633,62.0,0.9,219.27689900000001,0,0
25451,3,22.688533333333336,24.95,20.0,68.0656,0,0
17504,0,0.0,0.0,0.0,0.0,0,0
20408,0,0.0,0.0,0.0,0.0,0,0
15160,3,5.066333333333334,5.16,4.93,15.199,0,0
21183,5,2.4778,3.0,2.135,12.389,0,0
11040,0,0.0,0.0,0.0,0.0,0,0
24877,2,12.2683,13.199,11.3376,24.5366,0,0
29228,12,5.126666666666667,5.48,4.91,61.52,0,0
26096,7,17.337857142857143,39.9,12.6,121.365,0,0
25703,8,5.245125,18.55,2.3,41.961,0,0
12704,0,0.0,0.0,0.0,0.0,0,0
27773,0,0.0,0.0,0.0,0.0,0,0
20422,9,14.37988888888889,15.0,13.61,129.419,0,0
29356,4,7.830324999999999,19.4,2.23,31.321299999999997,0,0
10596,3,12.479333333333335,13.02,12.14,37.438,0,0
16458,0,0.0,0.0,0.0,0.0,0,0
18350,2,4.3149999999999995,4.32,4.31,8.629999999999999,0,0
13493,0,0.0,0.0,0.0,0.0,0,0
24095,1,2.2359,2.2359,2.2359,2.2359,0,0
28482,17,4.26124117,16.3,1.45,72.44109989,0,0
21690,7,16.672428571428572,19.407,14.67,116.707,0,0
29804,0,0.0,0.0,0.0,0.0,0,0
29802,4,2.0486325,3.045,1.68953,8.19453,0,0
19793,0,0.0,0.0,0.0,0.0,0,0
27220,20,9.69326475,17.25,4.1855,193.865295,0,0
19643,0,0.0,0.0,0.0,0.0,0,0
23403,0,0.0,0.0,0.0,0.0,0,0
25636,10,1.33617,1.8378,1.109,13.3617,0,0
23690,0,0.0,0.0,0.0,0.0,0,0
23303,1,19.81,19.81,19.81,19.81,0,0
23302,45,6.371269377777779,17.53,2.424,286.707122,0,0
11001,0,0.0,0.0,0.0,0.0,0,0
15646,12,10.10449,14.999,0.61588,121.25388,0,0
29275,0,0.0,0.0,0.0,0.0,0,0
22139,2,20.005,21.06,18.95,40.01,0,0
22138,1,18.25,18.25,18.25,18.25,0,0
17680,0,0.0,0.0,0.0,0.0,0,0
15452,0,0.0,0.0,0.0,0.0,0,0
18280,3,1.9766333333333332,2.08,1.9,5.9299,0,0
20605,4,6.03825,6.49,5.0,24.153,0,0
29198,0,0.0,0.0,0.0,0.0,0,0
24387,0,0.0,0.0,0.0,0.0,0,0
24386,0,0.0,0.0,0.0,0.0,0,0
20754,0,0.0,0.0,0.0,0.0,0,0
23784,0,0.0,0.0,0.0,0.0,0,0
27002,8,16.22375,16.39,16.16,129.79,0,0
18233,0,0.0,0.0,0.0,0.0,0,0
18232,0,0.0,0.0,0.0,0.0,0,0
22038,34,5.967883644117647,29.0,1.71999,202.9080439,0,0
15026,1,38.9,38.9,38.9,38.9,0,0
21204,12,5.363958333333333,13.58,2.1379,64.36749999999999,0,0
11310,18,9.033327777777778,15.15,4.65,162.5999,0,0
29707,0,0.0,0.0,0.0,0.0,0,0
25779,10,13.376009999999999,16.89,4.0,133.7601,0,0
25778,50,5.292473149199996,14.17,1.38981988,264.6236574599998,0,0
20025,3,6.9921229333333335,7.378,6.6083688,20.9763688,0,0
24045,0,0.0,0.0,0.0,0.0,0,0
19668,0,0.0,0.0,0.0,0.0,0,0
15022,0,0.0,0.0,0.0,0.0,0,0
17476,0,0.0,0.0,0.0,0.0,0,0
23732,8,4.340571125,20.0,1.6384,34.724569,0,0
22762,2,10.694999999999999,17.99,3.4,21.389999999999997,0,0
22747,2,22.5,23.5,21.5,45.0,0,0
27102,0,0.0,0.0,0.0,0.0,0,0
21598,0,0.0,0.0,0.0,0.0,0,0
21960,2,2.1073500000000003,2.1495,2.0652,4.214700000000001,0,0
19014,7,2.130299857142857,2.222,2.0649,14.912099,0,0
29030,4,12.41375,14.29,10.84,49.655,0,0
29026,21,4.068980947619048,12.64,0.702,85.4485999,0,0
29046,5,10.07,16.0,4.65,50.35,0,0
29044,8,4.6195875,5.2599,1.92,36.9567,0,0
29040,5,12.328,15.39,9.4,61.64,0,0
29038,7,5.8698428571428565,11.69,2.28,41.088899999999995,0,0
29062,1,11.59,11.59,11.59,11.59,0,0
29060,6,14.865116666666667,17.3166,11.19,89.1907,0,0
29058,1,10.84,10.84,10.84,10.84,0,0
29056,2,11.135,11.43,10.84,22.27,0,0
29050,1,10.84,10.84,10.84,10.84,0,0
26040,2,13.219999999999999,15.6,10.84,26.439999999999998,0,0
26038,3,11.142666666666665,11.5,10.84,33.428,0,0
26052,2,11.395,11.95,10.84,22.79,0,0
15857,2,2.0700000000000003,2.14,2.0,4.140000000000001,0,0
26026,34,3.898987041176471,10.84,0.623,132.5655594,0,0
26024,2,6.3985,10.84,1.957,12.797,0,0
26020,2,10.529499999999999,10.84,10.219,21.058999999999997,0,0
23510,0,0.0,0.0,0.0,0.0,0,0
29032,11,11.48309090909091,14.59,10.545,126.31400000000001,0,0
23949,0,0.0,0.0,0.0,0.0,0,0
26019,0,0.0,0.0,0.0,0.0,0,0
26831,8,4.3717625,5.985,3.0,34.9741,0,0
10132,0,0.0,0.0,0.0,0.0,0,0
23692,33,13.607712090909091,16.0754,2.18,449.054499,0,0
15660,2,10.025,10.05,10.0,20.05,0,0
25594,46,10.291945039130434,16.0754,1.3259989,473.4294718,0,0
19840,6,11.059933333333333,18.3417,1.988,66.3596,0,0
13430,10,0.8289739,0.9,0.76,8.289739,0,0
29960,27,6.960925888888888,16.85,2.629,187.944999,0,0
22768,2,8.405000000000001,9.65,7.16,16.810000000000002,0,0
25660,3,14.82,15.15,14.56,44.46,0,0
25039,0,0.0,0.0,0.0,0.0,0,0
14284,6,3.984,4.899,2.355,23.904,0,0
27560,10,3.451398,5.23,2.559,34.513980000000004,0,0
14400,8,5.4452581,15.98,1.7863,43.5620648,0,0
29757,1,18.5,18.5,18.5,18.5,0,0
15257,0,0.0,0.0,0.0,0.0,0,0
11050,2,15.905450000000002,16.1487,15.6622,31.810900000000004,0,0
29983,4,9.694999999999999,18.49,1.1,38.779999999999994,0,0
29347,5,2.8298,3.19,2.59,14.149000000000001,0,0
19315,1,6.69,6.69,6.69,6.69,0,0
19338,0,0.0,0.0,0.0,0.0,0,0
14144,1,13.7,13.7,13.7,13.7,0,0
23216,3,7.127633333333333,8.21,6.4949,21.3829,0,0
12204,7,4.976714285714286,5.328,4.199,34.837,0,0
23964,4,5.366899999999999,6.678,4.72,21.467599999999997,0,0
15708,0,0.0,0.0,0.0,0.0,0,0
29724,0,0.0,0.0,0.0,0.0,0,0
20794,11,6.361272727272728,22.5,2.64,69.974,0,0
24636,13,7.666,17.95,4.29,99.658,0,0
19867,3,6.604,7.79,5.522,19.812,0,0
10972,15,9.805779333333334,21.0,1.86469,147.08669,0,0
19866,7,5.407785714285715,5.738,5.1,37.8545,0,0
16618,1,25.7,25.7,25.7,25.7,0,0
14002,2,12.635000000000002,23.17,2.1,25.270000000000003,0,0
14662,0,0.0,0.0,0.0,0.0,0,0
18510,1,35.3,35.3,35.3,35.3,0,0
27437,3,1.4063333333333334,1.6,1.25,4.219,0,0
18617,6,4.595683333333334,6.9,2.0741,27.5741,0,0
12980,45,2.3964213553333336,5.91999,0.8,107.83896099,0,0
15432,5,17.52598,28.87,14.15,87.6299,0,0
29597,0,0.0,0.0,0.0,0.0,0,0
29596,0,0.0,0.0,0.0,0.0,0,0
21453,9,3.0681111,5.25,1.94,27.6129999,0,0
25302,0,0.0,0.0,0.0,0.0,0,0
10852,4,17.0213,19.5,15.0,68.0852,0,0
10129,0,0.0,0.0,0.0,0.0,0,0
27781,28,4.869571428571429,7.769,2.99,136.348,0,0
24679,5,13.144569999999998,16.52,0.78,65.72285,0,0
22524,0,0.0,0.0,0.0,0.0,0,0
13172,0,0.0,0.0,0.0,0.0,0,0
27323,6,4.905783333333333,6.89,1.5,29.4347,0,0
28518,19,4.3618421052631575,13.75,1.6,82.875,0,0
17820,1,13.75,13.75,13.75,13.75,0,0
11937,8,4.619875,6.25,3.0,36.959,0,0
19792,50,8.515793198,16.22,1.32,425.7896599,0,0
26037,0,0.0,0.0,0.0,0.0,0,0
25090,0,0.0,0.0,0.0,0.0,0,0
21182,1,1.896,1.896,1.896,1.896,0,0
26036,0,0.0,0.0,0.0,0.0,0,0
26258,1,26.0,26.0,26.0,26.0,0,0
20846,5,10.538,13.4,9.54,52.69,0,0
25269,4,9.557500000000001,16.75,1.79,38.230000000000004,0,0
21224,11,19.09,39.9,15.0,209.99,0,0
20130,0,0.0,0.0,0.0,0.0,0,0
20956,0,0.0,0.0,0.0,0.0,0,0
22652,0,0.0,0.0,0.0,0.0,0,0
25817,0,0.0,0.0,0.0,0.0,0,0
28282,2,18.0,31.0,5.0,36.0,0,0
23082,8,5.71799875,15.975,2.16,45.74399,0,0
19476,2,2.1189999999999998,2.12,2.118,4.2379999999999995,0,0
19676,11,6.706727272727273,16.489,1.68,73.774,0,0
14534,17,12.85032588235294,15.9,10.94,218.45553999999998,0,0
21366,14,5.926642857142857,18.4211,2.2,82.973,0,0
14100,1,2.08,2.08,2.08,2.08,0,0
12394,0,0.0,0.0,0.0,0.0,0,0
11645,0,0.0,0.0,0.0,0.0,0,0
24024,0,0.0,0.0,0.0,0.0,0,0
14267,0,0.0,0.0,0.0,0.0,0,0
18004,0,0.0,0.0,0.0,0.0,0,0
13478,0,0.0,0.0,0.0,0.0,0,0
21526,0,0.0,0.0,0.0,0.0,0,0
17017,1,22.69,22.69,22.69,22.69,0,0
23952,0,0.0,0.0,0.0,0.0,0,0
25374,0,0.0,0.0,0.0,0.0,0,0
28911,0,0.0,0.0,0.0,0.0,0,0
13863,0,0.0,0.0,0.0,0.0,0,0
22272,0,0.0,0.0,0.0,0.0,0,0
27752,0,0.0,0.0,0.0,0.0,0,0
29308,0,0.0,0.0,0.0,0.0,0,0
18805,1,13.75,13.75,13.75,13.75,0,0
23466,0,0.0,0.0,0.0,0.0,0,0
28458,21,6.471942809523809,12.92,2.2169,135.910799,0,0
28456,7,11.188114285714287,12.92,9.36,78.3168,0,0
28450,5,7.7739998,12.91,2.55,38.869999,0,0
28444,0,0.0,0.0,0.0,0.0,0,0
29483,12,3.5379083333333337,5.29,1.8989,42.4549,0,0
28442,30,9.8806596,12.92,2.66,296.419788,0,0
24737,0,0.0,0.0,0.0,0.0,0,0
24736,0,0.0,0.0,0.0,0.0,0,0
10754,4,1.952575,2.499,1.6,7.8103,0,0
11065,6,11.473333333333334,16.09,5.3,68.84,0,0
22778,0,0.0,0.0,0.0,0.0,0,0
16566,0,0.0,0.0,0.0,0.0,0,0
12046,0,0.0,0.0,0.0,0.0,0,0
21456,6,1.9060913705583757,2.45,1.46,11.436548223350254,0,0
15444,0,0.0,0.0,0.0,0.0,0,0
26208,2,1.49449945,1.5089989,1.48,2.9889989,0,0
27930,0,0.0,0.0,0.0,0.0,0,0
12169,3,26.459999999999997,28.0,25.69,79.38,0,0
24147,0,0.0,0.0,0.0,0.0,0,0
22858,0,0.0,0.0,0.0,0.0,0,0
17692,0,0.0,0.0,0.0,0.0,0,0
23161,0,0.0,0.0,0.0,0.0,0,0
28884,0,0.0,0.0,0.0,0.0,0,0
24926,8,2.0855875,2.5,1.75,16.6847,0,0
25627,1,16.7,16.7,16.7,16.7,0,0
29969,4,3.385,6.5,1.15,13.54,0,0
15476,0,0.0,0.0,0.0,0.0,0,0
23733,1,4.12,4.12,4.12,4.12,0,0
14004,2,8.111,10.222,6.0,16.222,0,0
21720,7,15.086428571428572,16.8,13.6,105.605,0,0
28008,0,0.0,0.0,0.0,0.0,0,0
17714,0,0.0,0.0,0.0,0.0,0,0
20472,0,0.0,0.0,0.0,0.0,0,0
24748,0,0.0,0.0,0.0,0.0,0,0
22447,0,0.0,0.0,0.0,0.0,0,0
12994,4,2.1225,2.79,1.78,8.49,0,0
11250,13,5.086498461538462,5.99,3.934,66.12448,0,0
18172,46,11.418389130434782,39.5,0.475,525.2459,0,0
24354,0,0.0,0.0,0.0,0.0,0,0
16212,0,0.0,0.0,0.0,0.0,0,0
23146,13,5.233403084615385,39.99,2.12,68.0342401,0,0
10836,0,0.0,0.0,0.0,0.0,0,0
18526,0,0.0,0.0,0.0,0.0,0,0
23402,0,0.0,0.0,0.0,0.0,0,0
19642,0,0.0,0.0,0.0,0.0,0,0
21303,2,9.75,11.5,8.0,19.5,0,0
25326,35,2.8597853942857143,5.86,1.45,100.0924888,0,0
14755,1,6.8,6.8,6.8,6.8,0,0
15115,0,0.0,0.0,0.0,0.0,0,0
22116,0,0.0,0.0,0.0,0.0,0,0
25864,28,8.452600842857143,26.24,1.7706918,236.6728236,0,0
17610,0,0.0,0.0,0.0,0.0,0,0
28766,0,0.0,0.0,0.0,0.0,0,0
16338,12,15.102575,20.0,9.18,181.2309,0,0
12702,26,5.590341915384615,40.4,1.754,145.3488898,0,0
18461,0,0.0,0.0,0.0,0.0,0,0
14017,10,3.4582499999999996,4.7,1.81,34.582499999999996,0,0
26205,0,0.0,0.0,0.0,0.0,0,0
27480,0,0.0,0.0,0.0,0.0,0,0
21694,8,3.8317875,4.65,2.75,30.6543,0,0
12416,0,0.0,0.0,0.0,0.0,0,0
13607,6,6.331666666666667,8.0,5.4,37.99,0,0
25065,0,0.0,0.0,0.0,0.0,0,0
13270,8,2.1002996124999997,2.78,1.44,16.802396899999998,0,0
11238,3,0.7932996666666666,0.8,0.78,2.379899,0,0
13729,2,6.927350000000001,7.2647,6.59,13.854700000000001,0,0
10604,3,0.7103,0.842,0.64,2.1309,0,0
26878,0,0.0,0.0,0.0,0.0,0,0
29734,8,15.323625,16.26,12.59,122.589,0,0
16870,0,0.0,0.0,0.0,0.0,0,0
17912,0,0.0,0.0,0.0,0.0,0,0
23168,16,3.11176686875,15.8,1.795,49.7882699,0,0
16071,0,0.0,0.0,0.0,0.0,0,0
20136,24,7.702961346833334,19.23,5.184,184.871072324,0,0
13911,0,0.0,0.0,0.0,0.0,0,0
23793,0,0.0,0.0,0.0,0.0,0,0
28662,4,0.8930750000000001,0.9515,0.8,3.5723000000000003,0,0
23506,50,2.31625456,11.387,1.41,115.81272799999999,0,0
29710,1,33.0,33.0,33.0,33.0,0,0
20270,9,5.274464311111111,14.49,1.03878,47.4701788,0,0
24072,2,36.0,42.0,30.0,72.0,0,0
24864,6,11.534999999999998,12.93,5.47,69.21,0,0
17682,0,0.0,0.0,0.0,0.0,0,0
15775,0,0.0,0.0,0.0,0.0,0,0
28872,2,24.1,33.0,15.2,48.2,0,0
24883,0,0.0,0.0,0.0,0.0,0,0
13835,0,0.0,0.0,0.0,0.0,0,0
23364,4,0.850975,0.888,0.79,3.4039,0,0
17866,0,0.0,0.0,0.0,0.0,0,0
24560,0,0.0,0.0,0.0,0.0,0,0
28616,0,0.0,0.0,0.0,0.0,0,0
19564,6,1.7264999833333334,1.829,1.64,10.3589999,0,0
25656,10,2.36878999,2.5555,2.1,23.687899899999998,0,0
10925,0,0.0,0.0,0.0,0.0,0,0
13876,0,0.0,0.0,0.0,0.0,0,0
22056,0,0.0,0.0,0.0,0.0,0,0
26440,15,3.8200326653333336,5.5661,2.64,57.30048998,0,0
19554,10,2.1409371,2.9248,1.406,21.409371,0,0
16470,3,1.5103333333333333,1.7,1.4111,4.531,0,0
13574,5,0.8244999999999999,0.865,0.7795,4.1225,0,0
11580,6,3.823161466666667,5.78,0.898,22.9389688,0,0
10504,4,3.7479999999999998,5.8,0.612,14.991999999999999,0,0
11446,0,0.0,0.0,0.0,0.0,0,0
11534,0,0.0,0.0,0.0,0.0,0,0
22633,0,0.0,0.0,0.0,0.0,0,0
16465,0,0.0,0.0,0.0,0.0,0,0
16464,0,0.0,0.0,0.0,0.0,0,0
12082,19,6.535194736842105,8.9057,5.13,124.1687,0,0
14116,0,0.0,0.0,0.0,0.0,0,0
27470,2,16.95,18.4,15.5,33.9,0,0
24368,14,3.5123642857142854,4.438,2.11,49.1731,0,0
28922,0,0.0,0.0,0.0,0.0,0,0
17240,0,0.0,0.0,0.0,0.0,0,0
16140,5,1.6521599999999999,3.96,0.819,8.2608,0,0
13884,0,0.0,0.0,0.0,0.0,0,0
19134,0,0.0,0.0,0.0,0.0,0,0
13774,0,0.0,0.0,0.0,0.0,0,0
20848,0,0.0,0.0,0.0,0.0,0,0
21324,4,7.253290277081638,16.42,4.155,29.013161108326553,0,0
25702,3,13.9045,16.35,11.0135,41.7135,0,0
27446,13,11.941799992307692,42.0,1.7288,155.2433999,0,0
22818,5,3.58783954,10.5,1.7582,17.9391977,0,0
14360,17,5.117222,18.5,1.029878,86.992774,0,0
20407,0,0.0,0.0,0.0,0.0,0,0
21064,35,6.695622857142857,34.0,1.582,234.3468,0,0
22372,2,16.025000000000002,24.1,7.95,32.050000000000004,0,0
22740,1,6.5,6.5,6.5,6.5,0,0
13594,7,4.304271428571428,6.0,3.11,30.1299,0,0
20644,7,8.558757142857143,14.5,4.0,59.9113,0,0
19349,8,10.8311125,17.0,1.1919,86.6489,0,0
19348,0,0.0,0.0,0.0,0.0,0,0
10890,13,4.766296923076923,33.0,1.86,61.96186,0,0
19282,1,21.0,21.0,21.0,21.0,0,0
12971,8,11.338625,43.0,2.02,90.709,0,0
12501,0,0.0,0.0,0.0,0.0,0,0
20604,23,5.202469130434783,7.2,1.79,119.65679,0,0
24916,11,0.7489717272727273,0.958,0.56,8.238689,0,0
27669,8,2.259325,3.33,1.4,18.0746,0,0
26180,0,0.0,0.0,0.0,0.0,0,0
18808,0,0.0,0.0,0.0,0.0,0,0
29420,0,0.0,0.0,0.0,0.0,0,0
27589,0,0.0,0.0,0.0,0.0,0,0
27588,0,0.0,0.0,0.0,0.0,0,0
29244,3,12.096633333333335,12.19,12.0499,36.2899,0,0
10347,1,3.0,3.0,3.0,3.0,0,0
11032,32,3.944634365625,6.89,1.1484,126.2282997,0,0
21810,0,0.0,0.0,0.0,0.0,0,0
28011,0,0.0,0.0,0.0,0.0,0,0
29370,23,8.51499782173913,15.39,1.87,195.8449499,0,0
15798,9,9.538166666666667,11.84,2.74,85.8435,0,0
28870,0,0.0,0.0,0.0,0.0,0,0
26236,1,15.441,15.441,15.441,15.441,0,0
13162,0,0.0,0.0,0.0,0.0,0,0
13691,3,2.498666666666667,2.64,2.3,7.496,0,0
13690,9,1.570821111111111,1.92,1.12,14.13739,0,0
22632,0,0.0,0.0,0.0,0.0,0,0
29576,19,6.073115263157895,9.13,0.68,115.38919,0,0
24481,0,0.0,0.0,0.0,0.0,0,0
25937,1,9.5,9.5,9.5,9.5,0,0
20818,7,3.217899857142857,9.84,0.52,22.525299,0,0
14679,0,0.0,0.0,0.0,0.0,0,0
14678,0,0.0,0.0,0.0,0.0,0,0
11783,2,16.65,17.1,16.2,33.3,0,0
12648,0,0.0,0.0,0.0,0.0,0,0
15116,0,0.0,0.0,0.0,0.0,0,0
26845,0,0.0,0.0,0.0,0.0,0,0
18424,0,0.0,0.0,0.0,0.0,0,0
24688,0,0.0,0.0,0.0,0.0,0,0
24624,0,0.0,0.0,0.0,0.0,0,0
11353,0,0.0,0.0,0.0,0.0,0,0
11352,0,0.0,0.0,0.0,0.0,0,0
24677,3,3.3450333333333333,4.0201,2.765,10.0351,0,0
20772,0,0.0,0.0,0.0,0.0,0,0
14390,4,6.566,14.0,2.889,26.264,0,0
27045,1,45.0,45.0,45.0,45.0,0,0
28066,3,5.724966666666667,13.0,1.9749,17.1749,0,0
26332,45,10.866062042222222,15.39,0.95,488.9727919,0,0
26252,40,8.179831375000001,12.63,4.59,327.193255,0,0
17492,1,13.25,13.25,13.25,13.25,0,0
19749,0,0.0,0.0,0.0,0.0,0,0
29794,0,0.0,0.0,0.0,0.0,0,0
20955,0,0.0,0.0,0.0,0.0,0,0
23794,4,2.4599997499999997,2.55,2.4,9.839998999999999,0,0
17484,0,0.0,0.0,0.0,0.0,0,0
29756,14,10.751964214285715,15.7895,2.67,150.527499,0,0
26915,0,0.0,0.0,0.0,0.0,0,0
26792,5,15.4712,16.777,13.99,77.356,0,0
11782,2,14.15,15.0,13.3,28.3,0,0
24656,4,1.72244725,1.8,1.66,6.889789,0,0
15972,3,1.2663,2.0,0.899,3.7989,0,0
26852,0,0.0,0.0,0.0,0.0,0,0
14190,0,0.0,0.0,0.0,0.0,0,0
18665,0,0.0,0.0,0.0,0.0,0,0
10391,0,0.0,0.0,0.0,0.0,0,0
16818,0,0.0,0.0,0.0,0.0,0,0
20480,0,0.0,0.0,0.0,0.0,0,0
28372,0,0.0,0.0,0.0,0.0,0,0
28373,0,0.0,0.0,0.0,0.0,0,0
11550,50,6.0624316,10.9,1.74,303.12158,0,0
13578,0,0.0,0.0,0.0,0.0,0,0
22086,0,0.0,0.0,0.0,0.0,0,0
29880,0,0.0,0.0,0.0,0.0,0,0
23382,0,0.0,0.0,0.0,0.0,0,0
29246,6,18.140833333333333,33.3,12.475,108.845,0,0
18975,3,0.709,0.808,0.631,2.127,0,0
10052,0,0.0,0.0,0.0,0.0,0,0
12526,0,0.0,0.0,0.0,0.0,0,0
10021,0,0.0,0.0,0.0,0.0,0,0
14736,1,27.3,27.3,27.3,27.3,0,0
23806,1,27.4269,27.4269,27.4269,27.4269,0,0
15324,0,0.0,0.0,0.0,0.0,0,0
12787,7,5.521585714285714,6.69,2.4,38.6511,0,0
28500,0,0.0,0.0,0.0,0.0,0,0
17716,26,2.7750655846153838,25.99,0.578,72.15170519999998,0,0
21574,4,2.32367475,2.399599,2.2596,9.294699,0,0
21045,0,0.0,0.0,0.0,0.0,0,0
29562,0,0.0,0.0,0.0,0.0,0,0
26541,0,0.0,0.0,0.0,0.0,0,0
26237,5,14.65924,19.3,11.2197,73.2962,0,0
26764,22,2.8425949999999998,5.364990000000001,1.96,62.53709,0,0
21378,6,2.5723333333333334,2.994,1.785,15.434,0,0
21352,1,2.35,2.35,2.35,2.35,0,0
21368,0,0.0,0.0,0.0,0.0,0,0
15760,7,2.1128571428571425,2.4,1.78,14.79,0,0
16671,0,0.0,0.0,0.0,0.0,0,0
24436,3,2.8130776666666666,3.9,2.2059,8.439233,0,0
24642,7,4.126214285714285,4.77,2.99,28.883499999999998,0,0
26251,0,0.0,0.0,0.0,0.0,0,0
25638,35,9.051396828571427,19.598,1.23,316.798889,0,0
23078,3,1.4591666666666665,1.4775,1.45,4.3774999999999995,0,0
21044,0,0.0,0.0,0.0,0.0,0,0
28266,25,10.807095799999999,15.39,5.78,270.177395,0,0
22576,23,14.431365217391305,16.18,9.79,331.9214,0,0
16743,0,0.0,0.0,0.0,0.0,0,0
23261,1,1.367,1.367,1.367,1.367,0,0
29499,1,16.8844,16.8844,16.8844,16.8844,0,0
25368,8,13.471,16.17,5.46,107.768,0,0
16770,0,0.0,0.0,0.0,0.0,0,0
23974,10,4.4457,14.87,2.28,44.457,0,0
28471,1,3.0,3.0,3.0,3.0,0,0
10746,1,15.25,15.25,15.25,15.25,0,0
26047,0,0.0,0.0,0.0,0.0,0,0
26046,0,0.0,0.0,0.0,0.0,0,0
21687,0,0.0,0.0,0.0,0.0,0,0
17688,4,16.1697,17.6,15.5,64.6788,0,0
10346,1,15.75,15.75,15.75,15.75,0,0
24564,4,9.186325,18.0,1.69,36.7453,0,0
29464,4,15.86975,16.29,14.99,63.479,0,0
29465,1,21.0526,21.0526,21.0526,21.0526,0,0
23514,0,0.0,0.0,0.0,0.0,0,0
20834,10,3.474599,4.26,2.19899,34.74599,0,0
21449,1,32.8,32.8,32.8,32.8,0,0
26667,0,0.0,0.0,0.0,0.0,0,0
24971,1,5.7,5.7,5.7,5.7,0,0
25456,1,6.4,6.4,6.4,6.4,0,0
25224,5,3.271,5.96,1.77,16.355,0,0
25218,21,5.488915573425918,28.89642704194429,0.999,115.26722704194428,0,0
12757,0,0.0,0.0,0.0,0.0,0,0
27984,1,25.0,25.0,25.0,25.0,0,0
17516,7,1.914557,4.14,0.69,13.401899,0,0
27044,2,14.945,17.0,12.89,29.89,0,0
16608,1,18.6,18.6,18.6,18.6,0,0
15970,3,31.996666666666666,39.3,20.0,95.99,0,0
15656,50,6.358691797997779,17.2563,1.785,317.934589899889,0,0
20266,0,0.0,0.0,0.0,0.0,0,0
15364,0,0.0,0.0,0.0,0.0,0,0
19945,0,0.0,0.0,0.0,0.0,0,0
19944,0,0.0,0.0,0.0,0.0,0,0
16999,2,20.49,21.99,18.99,40.98,0,0
28486,2,1.4717857107142858,1.4735714214285716,1.47,2.9435714214285715,0,0
14880,15,15.857326,39.69,3.22,237.85989,0,0
11422,0,0.0,0.0,0.0,0.0,0,0
23540,4,4.918225,5.065,4.75,19.6729,0,0
13634,0,0.0,0.0,0.0,0.0,0,0
10266,0,0.0,0.0,0.0,0.0,0,0
17718,35,13.083714285714287,20.25,3.8,457.93,0,0
24362,8,4.231,6.35,1.709,33.848,0,0
13254,0,0.0,0.0,0.0,0.0,0,0
23136,0,0.0,0.0,0.0,0.0,0,0
21435,0,0.0,0.0,0.0,0.0,0,0
14039,0,0.0,0.0,0.0,0.0,0,0
12344,6,1.5888166666666665,2.45,0.89,9.5329,0,0
10914,3,6.843333333333334,8.19,4.29,20.53,0,0
29812,3,3.250933,4.08,2.6928,9.752799,0,0
21264,11,8.558705836363636,12.93,1.69,94.1457642,0,0
21628,29,8.786331034482759,10.9,4.95,254.8036,0,0
25806,2,2.2445000000000004,2.269,2.22,4.489000000000001,0,0
24634,1,2.25,2.25,2.25,2.25,0,0
21878,2,0.670712,0.691424,0.65,1.341424,0,0
17776,0,0.0,0.0,0.0,0.0,0,0
26634,19,14.431836842105264,16.17,12.05,274.2049,0,0
28026,26,13.75191726923077,18.72,6.84315,357.549849,0,0
17272,50,8.4178224775796,11.75,0.848,420.89112387898,0,0
26902,0,0.0,0.0,0.0,0.0,0,0
15531,0,0.0,0.0,0.0,0.0,0,0
28404,21,10.113880952380953,23.75,1.9147,212.3915,0,0
13750,4,28.06975,39.8,4.59,112.279,0,0
17032,0,0.0,0.0,0.0,0.0,0,0
17334,1,27.77777,27.77777,27.77777,27.77777,0,0
20120,0,0.0,0.0,0.0,0.0,0,0
24412,13,7.265823076923078,11.75,5.4013,94.45570000000001,0,0
25404,0,0.0,0.0,0.0,0.0,0,0
26858,0,0.0,0.0,0.0,0.0,0,0
23823,0,0.0,0.0,0.0,0.0,0,0
22698,0,0.0,0.0,0.0,0.0,0,0
29307,11,2.7879081818181817,3.35,2.36,30.66699,0,0
15120,20,12.474039999999999,21.9,9.56,249.4808,0,0
27082,20,4.663889945,5.86,2.64,93.27779890000001,0,0
21360,0,0.0,0.0,0.0,0.0,0,0
15089,2,16.394,18.0,14.788,32.788,0,0
23945,3,11.067666666666668,13.99,5.88,33.203,0,0
27572,1,5.5,5.5,5.5,5.5,0,0
20549,4,13.485775,18.0,6.79,53.9431,0,0
12460,42,4.121905611381048,6.0,0.852,173.120035678004,0,0
25332,7,4.131284285714286,14.444,2.11,28.91899,0,0
14356,0,0.0,0.0,0.0,0.0,0,0
22030,0,0.0,0.0,0.0,0.0,0,0
23577,0,0.0,0.0,0.0,0.0,0,0
27461,2,4.05,4.2,3.9,8.1,0,0
25307,1,4.9,4.9,4.9,4.9,0,0
29145,1,8.8,8.8,8.8,8.8,0,0
27777,1,25.0,25.0,25.0,25.0,0,0
16906,14,6.919339992857142,22.0,1.61,96.8707599,0,0
27814,34,10.453588235294118,15.4,5.23,355.422,0,0
21800,0,0.0,0.0,0.0,0.0,0,0
18050,0,0.0,0.0,0.0,0.0,0,0
25306,1,3.9,3.9,3.9,3.9,0,0
27460,13,1.862769230769231,3.5,0.894,24.216,0,0
21194,2,3.524,3.548,3.5,7.048,0,0
28196,4,2.995,3.89,0.87,11.98,0,0
26994,0,0.0,0.0,0.0,0.0,0,0
17384,19,8.006057368421054,20.0,2.464,152.11509,0,0
27928,0,0.0,0.0,0.0,0.0,0,0
12469,4,1.952,2.56,1.54,7.808,0,0
13870,2,12.743549999999999,12.87,12.6171,25.487099999999998,0,0
26887,1,43.95,43.95,43.95,43.95,0,0
12687,2,31.605000000000004,44.95,18.26,63.21000000000001,0,0
12686,1,41.99,41.99,41.99,41.99,0,0
13988,12,3.86868325,12.0,0.881,46.424199,0,0
20097,6,10.106666666666667,20.49,5.19,60.64,0,0
12809,4,14.148475,23.5,3.69,56.5939,0,0
12225,2,16.715075,16.93,16.500149999999998,33.43015,0,0
18404,50,4.4618423819999995,6.32,1.38,223.0921191,0,0
19297,0,0.0,0.0,0.0,0.0,0,0
15740,1,24.0,24.0,24.0,24.0,0,0
28840,0,0.0,0.0,0.0,0.0,0,0
27586,4,6.897655,15.25,3.6,27.59062,0,0
25964,15,11.916333333333334,16.22,2.1,178.745,0,0
23631,0,0.0,0.0,0.0,0.0,0,0
16665,0,0.0,0.0,0.0,0.0,0,0
14346,11,2.083377272727273,5.09,1.63,22.91715,0,0
27448,7,3.963857142857143,5.79,0.763,27.747,0,0
22240,1,5.4,5.4,5.4,5.4,0,0
22532,0,0.0,0.0,0.0,0.0,0,0
16359,1,63.0,63.0,63.0,63.0,0,0
25680,12,3.17295,7.25,1.9032,38.0754,0,0
25026,7,4.3756569999999995,6.69,0.001,30.629599,0,0
19460,2,14.925,18.85,11.0,29.85,0,0
17792,9,6.665266666666667,9.49,4.94,59.9874,0,0
18638,1,13.5,13.5,13.5,13.5,0,0
29022,0,0.0,0.0,0.0,0.0,0,0
29498,12,3.3378916583333336,13.6683,1.81,40.0546999,0,0
21842,2,2.2565,2.273,2.24,4.513,0,0
24652,4,1.60312,1.865,1.31848,6.41248,0,0
12772,0,0.0,0.0,0.0,0.0,0,0
15870,13,4.593967692307692,9.24,1.32,59.721579999999996,0,0
28556,0,0.0,0.0,0.0,0.0,0,0
28080,2,30.24,31.99,28.49,60.48,0,0
24194,9,13.030466666666666,17.6884,3.46,117.2742,0,0
26067,2,6.165,6.4,5.93,12.33,0,0
26066,8,2.85706125,5.04,2.01,22.85649,0,0
10642,0,0.0,0.0,0.0,0.0,0,0
19017,6,7.59,13.94,5.0,45.54,0,0
12482,14,12.648142785714287,32.0,10.201,177.07399900000001,0,0
13186,0,0.0,0.0,0.0,0.0,0,0
25818,0,0.0,0.0,0.0,0.0,0,0
11333,0,0.0,0.0,0.0,0.0,0,0
14808,1,18.3,18.3,18.3,18.3,0,0
24904,4,5.668975,5.88,5.4419,22.6759,0,0
20248,0,0.0,0.0,0.0,0.0,0,0
11332,0,0.0,0.0,0.0,0.0,0,0
29524,0,0.0,0.0,0.0,0.0,0,0
25444,1,17.0,17.0,17.0,17.0,0,0
24566,6,8.194999999999999,19.4,1.86,49.169999999999995,0,0
14604,1,20.0,20.0,20.0,20.0,0,0
24460,27,2.510575787777778,17.9,1.41,67.78554627,0,0
22134,3,24.91,38.4,13.33,74.73,0,0
29518,0,0.0,0.0,0.0,0.0,0,0
14192,0,0.0,0.0,0.0,0.0,0,0
20837,0,0.0,0.0,0.0,0.0,0,0
22161,0,0.0,0.0,0.0,0.0,0,0
24142,0,0.0,0.0,0.0,0.0,0,0
27800,50,10.421595998,13.43,4.44,521.0797999,0,0
17520,6,10.731666666666667,19.36,5.68,64.39,0,0
27861,0,0.0,0.0,0.0,0.0,0,0
17255,0,0.0,0.0,0.0,0.0,0,0
18114,1,22.69,22.69,22.69,22.69,0,0
27697,0,0.0,0.0,0.0,0.0,0,0
18871,0,0.0,0.0,0.0,0.0,0,0
18870,0,0.0,0.0,0.0,0.0,0,0
20396,1,16.75,16.75,16.75,16.75,0,0
14704,2,17.869999999999997,19.25,16.49,35.739999999999995,0,0
26606,0,0.0,0.0,0.0,0.0,0,0
22922,0,0.0,0.0,0.0,0.0,0,0
21136,0,0.0,0.0,0.0,0.0,0,0
19034,5,9.380199999999999,13.79,2.25,46.900999999999996,0,0
10794,0,0.0,0.0,0.0,0.0,0,0
14666,4,8.127475,13.7,5.71,32.5099,0,0
10795,0,0.0,0.0,0.0,0.0,0,0
19035,1,16.5,16.5,16.5,16.5,0,0
10924,0,0.0,0.0,0.0,0.0,0,0
10861,0,0.0,0.0,0.0,0.0,0,0
10860,1,21.5,21.5,21.5,21.5,0,0
16600,0,0.0,0.0,0.0,0.0,0,0
15480,0,0.0,0.0,0.0,0.0,0,0
16214,0,0.0,0.0,0.0,0.0,0,0
12106,0,0.0,0.0,0.0,0.0,0,0
25596,44,8.272430768181819,10.01,4.68,363.9869538,0,0
17802,3,5.499666666666667,5.729,5.2,16.499000000000002,0,0
18568,25,1.872255556,14.275,0.619,46.8063889,0,0
13182,0,0.0,0.0,0.0,0.0,0,0
24727,0,0.0,0.0,0.0,0.0,0,0
15844,4,11.24375,14.0,4.8,44.975,0,0
29778,4,10.044425,19.8737,0.955,40.1777,0,0
11248,0,0.0,0.0,0.0,0.0,0,0
18678,0,0.0,0.0,0.0,0.0,0,0
17803,3,2.9450000000000003,3.085,2.8,8.835,0,0
22614,3,8.896666666666667,19.49,1.5,26.689999999999998,0,0
24844,0,0.0,0.0,0.0,0.0,0,0
16620,2,20.5,21.0,20.0,41.0,0,0
27105,0,0.0,0.0,0.0,0.0,0,0
26022,0,0.0,0.0,0.0,0.0,0,0
23576,0,0.0,0.0,0.0,0.0,0,0
11832,25,10.799596,25.0,6.74,269.9899,0,0
21608,19,2.1198589473684213,3.7,0.92,40.27732,0,0
27642,0,0.0,0.0,0.0,0.0,0,0
28062,2,2.51,2.65,2.37,5.02,0,0
13360,0,0.0,0.0,0.0,0.0,0,0
27104,0,0.0,0.0,0.0,0.0,0,0
18698,0,0.0,0.0,0.0,0.0,0,0
25287,5,9.17,14.7,2.4,45.85,0,0
21243,0,0.0,0.0,0.0,0.0,0,0
21242,0,0.0,0.0,0.0,0.0,0,0
24446,0,0.0,0.0,0.0,0.0,0,0
11284,0,0.0,0.0,0.0,0.0,0,0
25286,2,10.9697,11.8894,10.05,21.9394,0,0
15076,0,0.0,0.0,0.0,0.0,0,0
21596,0,0.0,0.0,0.0,0.0,0,0
12774,0,0.0,0.0,0.0,0.0,0,0
18416,22,8.347,16.4,1.77,183.634,0,0
12470,13,11.040807692307691,11.4965,10.75,143.5305,0,0
20214,11,1.6601454545454546,3.249,0.7,18.2616,0,0
15184,0,0.0,0.0,0.0,0.0,0,0
14634,0,0.0,0.0,0.0,0.0,0,0
23092,0,0.0,0.0,0.0,0.0,0,0
26622,6,7.58842,15.15,1.77,45.53052,0,0
23864,15,4.9893600000000005,5.999,1.94,74.8404,0,0
23100,0,0.0,0.0,0.0,0.0,0,0
10868,0,0.0,0.0,0.0,0.0,0,0
18268,0,0.0,0.0,0.0,0.0,0,0
11320,9,14.515555555555558,14.9,14.31,130.64000000000001,0,0
13240,0,0.0,0.0,0.0,0.0,0,0
10520,1,2.07498,2.07498,2.07498,2.07498,0,0
12258,0,0.0,0.0,0.0,0.0,0,0
19253,1,18.6789,18.6789,18.6789,18.6789,0,0
13532,1,26.9,26.9,26.9,26.9,0,0
29020,28,4.291346388928572,7.03,0.9239,120.15769889,0,0
23718,0,0.0,0.0,0.0,0.0,0,0
10478,0,0.0,0.0,0.0,0.0,0,0
10218,0,0.0,0.0,0.0,0.0,0,0
19440,0,0.0,0.0,0.0,0.0,0,0
12625,5,3.974,6.38,2.3,19.87,0,0
28566,23,6.270768260434783,27.5,1.8797,144.22766999,0,0
26672,26,5.390230746153846,22.0,1.919,140.1459994,0,0
14182,17,7.336494117647058,12.2,2.02,124.7204,0,0
24782,22,10.279,17.61,5.5,226.138,0,0
27274,3,14.500033333333334,19.5,10.5001,43.5001,0,0
27473,0,0.0,0.0,0.0,0.0,0,0
16514,5,4.62996,16.29,1.6,23.1498,0,0
18276,2,18.09,21.69,14.49,36.18,0,0
23407,0,0.0,0.0,0.0,0.0,0,0
23406,0,0.0,0.0,0.0,0.0,0,0
21084,0,0.0,0.0,0.0,0.0,0,0
12330,0,0.0,0.0,0.0,0.0,0,0
29516,0,0.0,0.0,0.0,0.0,0,0
24254,0,0.0,0.0,0.0,0.0,0,0
26630,0,0.0,0.0,0.0,0.0,0,0
18164,2,18.08,19.5,16.66,36.16,0,0
13524,0,0.0,0.0,0.0,0.0,0,0
19906,6,2.2243,2.249,2.21,13.3458,0,0
12868,0,0.0,0.0,0.0,0.0,0,0
14220,12,7.906878333333334,10.73895,5.535,94.88254,0,0
20154,0,0.0,0.0,0.0,0.0,0,0
16944,48,7.3555119375,15.5,1.608998,353.064573,0,0
17120,4,0.87895,0.9068,0.86,3.5158,0,0
17121,4,1.2125,1.3,1.01,4.85,0,0
17996,4,0.8971,0.933,0.87,3.5884,0,0
18250,0,0.0,0.0,0.0,0.0,0,0
22264,0,0.0,0.0,0.0,0.0,0,0
11282,3,0.9249999999999999,0.955,0.9,2.775,0,0
20730,0,0.0,0.0,0.0,0.0,0,0
16909,5,11.664,12.45,10.97,58.32,0,0
11426,1,24.0,24.0,24.0,24.0,0,0
26282,1,23.9,23.9,23.9,23.9,0,0
29840,0,0.0,0.0,0.0,0.0,0,0
17785,0,0.0,0.0,0.0,0.0,0,0
17784,0,0.0,0.0,0.0,0.0,0,0
18266,2,7.005050000000001,7.0101,7.0,14.010100000000001,0,0
13110,0,0.0,0.0,0.0,0.0,0,0
28399,0,0.0,0.0,0.0,0.0,0,0
28239,2,14.884225,15.26885,14.4996,29.76845,0,0
24600,50,9.9167639,20.0,0.6,495.838195,0,0
18580,0,0.0,0.0,0.0,0.0,0,0
28398,0,0.0,0.0,0.0,0.0,0,0
28238,5,9.079,23.0,1.06,45.395,0,0
21166,0,0.0,0.0,0.0,0.0,0,0
19130,0,0.0,0.0,0.0,0.0,0,0
16908,6,7.831466666666667,11.75,3.5898,46.9888,0,0
13308,20,3.5373842000000004,18.0,1.48,70.747684,0,0
27040,0,0.0,0.0,0.0,0.0,0,0
24247,1,4.42,4.42,4.42,4.42,0,0
14560,7,10.036414285714287,20.6,2.76,70.2549,0,0
13462,12,6.392741666666667,17.0,2.278,76.7129,0,0
25108,7,2.0343571428571425,2.5915,1.769,14.240499999999999,0,0
17064,0,0.0,0.0,0.0,0.0,0,0
26302,2,19.075,25.9,12.25,38.15,0,0
26292,0,0.0,0.0,0.0,0.0,0,0
25500,0,0.0,0.0,0.0,0.0,0,0
15191,0,0.0,0.0,0.0,0.0,0,0
23838,0,0.0,0.0,0.0,0.0,0,0
17424,11,5.590181818181819,10.29,4.15,61.492000000000004,0,0
11895,2,24.0914,29.9,18.2828,48.1828,0,0
14654,15,9.6588041,26.5,1.71,144.8820615,0,0
12198,7,8.702912857111427,12.0704,4.38,60.920389999779985,0,0
11234,7,7.708571428571429,12.2,1e-18,53.96,0,0
29492,0,0.0,0.0,0.0,0.0,0,0
27148,1,20.0,20.0,20.0,20.0,0,0
19346,0,0.0,0.0,0.0,0.0,0,0
18884,3,22.318929666666666,23.456789,21.0,66.956789,0,0
29661,0,0.0,0.0,0.0,0.0,0,0
26554,2,21.25,23.95,18.55,42.5,0,0
28322,10,5.044076,6.0,4.1788,50.44076,0,0
20913,0,0.0,0.0,0.0,0.0,0,0
25783,0,0.0,0.0,0.0,0.0,0,0
20402,7,14.943028571428572,16.09,14.16,104.6012,0,0
27285,0,0.0,0.0,0.0,0.0,0,0
28447,0,0.0,0.0,0.0,0.0,0,0
11229,0,0.0,0.0,0.0,0.0,0,0
19830,0,0.0,0.0,0.0,0.0,0,0
15730,0,0.0,0.0,0.0,0.0,0,0
24972,2,1.375,1.4,1.35,2.75,0,0
15890,1,19.69,19.69,19.69,19.69,0,0
16900,14,3.672557142857143,5.722,2.07,51.4158,0,0
21310,43,6.993136973953488,14.869,4.7,300.70488988,0,0
16692,0,0.0,0.0,0.0,0.0,0,0
18386,24,3.6583977287083336,9.49,0.7879,87.801545489,0,0
23158,1,40.69,40.69,40.69,40.69,0,0
14234,1,43.19,43.19,43.19,43.19,0,0
13056,3,7.263333333333333,19.0,1.34,21.79,0,0
22318,2,2.1891999999999996,2.28,2.0984,4.378399999999999,0,0
16016,2,16.725,18.5,14.95,33.45,0,0
19415,5,17.90778,25.45,3.5889,89.5389,0,0
15540,1,2.642,2.642,2.642,2.642,0,0
16510,1,1.19,1.19,1.19,1.19,0,0
16060,28,6.419513928571428,18.1888,2.22,179.74639,0,0
22562,31,12.277258064516129,19.0,9.49,380.595,0,0
16520,1,15.8,15.8,15.8,15.8,0,0
23308,2,7.955,7.97,7.94,15.91,0,0
16020,2,17.045,18.5,15.59,34.09,0,0
24414,3,1.127,1.3,0.931,3.3810000000000002,0,0
19414,3,4.142333333333333,4.5,3.86,12.427,0,0
27358,0,0.0,0.0,0.0,0.0,0,0
13554,1,2.35,2.35,2.35,2.35,0,0
25153,1,24.5,24.5,24.5,24.5,0,0
22579,1,22.8,22.8,22.8,22.8,0,0
23658,0,0.0,0.0,0.0,0.0,0,0
25152,1,19.0,19.0,19.0,19.0,0,0
22578,14,3.5432340714285715,11.95,1.77,49.605277,0,0
19421,1,23.0,23.0,23.0,23.0,0,0
12996,23,2.650302693043478,5.25,1.59,60.95696194,0,0
19420,2,12.145,18.49,5.8,24.29,0,0
25165,1,25.0,25.0,25.0,25.0,0,0
13728,11,3.780937272727273,5.74,1.779,41.59031,0,0
25164,2,15.524999999999999,20.95,10.1,31.049999999999997,0,0
25163,1,30.0,30.0,30.0,30.0,0,0
25162,7,3.7574285714285716,19.5,0.95,26.302,0,0
16019,0,0.0,0.0,0.0,0.0,0,0
16018,1,24.0,24.0,24.0,24.0,0,0
12220,0,0.0,0.0,0.0,0.0,0,0
11290,26,3.598599995769231,7.06,1.38,93.56359989,0,0
21576,0,0.0,0.0,0.0,0.0,0,0
21830,1,5.3568,5.3568,5.3568,5.3568,0,0
16427,0,0.0,0.0,0.0,0.0,0,0
17020,0,0.0,0.0,0.0,0.0,0,0
27670,0,0.0,0.0,0.0,0.0,0,0
14252,41,7.245816075609755,16.1393,0.86,297.0784591,0,0
28865,0,0.0,0.0,0.0,0.0,0,0
24252,15,4.0169999999999995,5.798,1.05,60.254999999999995,0,0
10020,0,0.0,0.0,0.0,0.0,0,0
21050,0,0.0,0.0,0.0,0.0,0,0
18985,7,9.622,17.79,0.94,67.354,0,0
16988,11,3.0084909090909093,4.474,2.1244,33.0934,0,0
29346,2,3.6,5.0,2.2,7.2,0,0
12624,1,9.36,9.36,9.36,9.36,0,0
20878,9,7.669457777777656,17.3,1.69,69.0251199999989,0,0
10649,0,0.0,0.0,0.0,0.0,0,0
27262,0,0.0,0.0,0.0,0.0,0,0
16812,0,0.0,0.0,0.0,0.0,0,0
28824,1,24.5,24.5,24.5,24.5,0,0
11466,1,4.09,4.09,4.09,4.09,0,0
17994,1,19.0,19.0,19.0,19.0,0,0
16346,7,9.172857142857143,19.5,2.2,64.21000000000001,0,0
16442,18,2.3597721666666667,19.042,0.647,42.475899,0,0
17970,4,9.764724750000001,18.0,2.2089,39.058899000000004,0,0
11334,0,0.0,0.0,0.0,0.0,0,0
12442,1,25.4,25.4,25.4,25.4,0,0
12701,0,0.0,0.0,0.0,0.0,0,0
12434,1,25.0,25.0,25.0,25.0,0,0
23150,0,0.0,0.0,0.0,0.0,0,0
19922,10,10.94836,24.9,5.1,109.4836,0,0
15768,25,6.8096676,16.0,1.717,170.24169,0,0
13806,8,5.4626375,11.1,1.286,43.7011,0,0
12895,2,8.19,8.29,8.09,16.38,0,0
22723,7,1.2644285714285712,1.699,0.89,8.850999999999999,0,0
12894,1,7.9,7.9,7.9,7.9,0,0
22722,2,3.1603,4.1206,2.2,6.3206,0,0
20208,0,0.0,0.0,0.0,0.0,0,0
26938,1,26.0,26.0,26.0,26.0,0,0
12320,0,0.0,0.0,0.0,0.0,0,0
21881,6,2.286,2.98,1.36,13.716,0,0
24735,3,6.9750000000000005,7.77,6.357,20.925,0,0
28047,1,169.0,169.0,169.0,169.0,0,0
24734,4,2.1084887500000002,5.79,0.879,8.433955000000001,0,0
28046,8,22.06394329375,169.0,0.616,176.51154635,0,0
24015,10,6.665000000000001,16.99,2.04,66.65,0,0
28622,2,16.12115,16.4646,15.7777,32.2423,0,0
16632,1,23.6,23.6,23.6,23.6,0,0
12461,2,7.4494,7.8988,7.0,14.8988,0,0
17470,23,5.5972608695652175,22.99,0.73,128.737,0,0
18560,26,13.2809,17.32,5.467,345.3034,0,0
28236,0,0.0,0.0,0.0,0.0,0,0
23058,1,20.7,20.7,20.7,20.7,0,0
23178,1,14.7,14.7,14.7,14.7,0,0
11106,0,0.0,0.0,0.0,0.0,0,0
10322,0,0.0,0.0,0.0,0.0,0,0
22294,0,0.0,0.0,0.0,0.0,0,0
11455,0,0.0,0.0,0.0,0.0,0,0
26844,0,0.0,0.0,0.0,0.0,0,0
19250,0,0.0,0.0,0.0,0.0,0,0
24811,6,17.665783333333334,72.0,5.12,105.9947,0,0
19868,23,2.0511695652173914,3.95,1.64,47.1769,0,0
24810,6,15.278333333333334,72.0,2.1,91.67,0,0
19996,0,0.0,0.0,0.0,0.0,0,0
17047,2,14.4,26.0,2.8,28.8,0,0
15722,0,0.0,0.0,0.0,0.0,0,0
27953,3,2.1633333333333336,2.39,2.01,6.49,0,0
27952,2,1.0345,1.069,1.0,2.069,0,0
26652,2,1.4274749999999998,1.43495,1.42,2.8549499999999997,0,0
24506,1,5.089,5.089,5.089,5.089,0,0
23866,26,15.571294226923076,17.77,12.9,404.8536499,0,0
28132,25,5.729759995999996,14.59,1.4,143.2439998999999,0,0
29532,0,0.0,0.0,0.0,0.0,0,0
10732,0,0.0,0.0,0.0,0.0,0,0
21495,1,18.1,18.1,18.1,18.1,0,0
21494,3,22.08,26.5,15.5,66.24,0,0
24488,1,6.75,6.75,6.75,6.75,0,0
24970,0,0.0,0.0,0.0,0.0,0,0
21834,38,11.719523684210527,15.39,4.85,445.3419,0,0
13157,0,0.0,0.0,0.0,0.0,0,0
19373,4,6.2299999975,11.7,1.03,24.91999999,0,0
16836,27,2.66681111037037,4.318,1.81,72.00389998,0,0
26666,0,0.0,0.0,0.0,0.0,0,0
14047,0,0.0,0.0,0.0,0.0,0,0
14046,0,0.0,0.0,0.0,0.0,0,0
12201,1,44.0,44.0,44.0,44.0,0,0
14246,5,10.17,24.99,3.93,50.85,0,0
28272,4,5.5977,5.73,5.51,22.3908,0,0
11212,0,0.0,0.0,0.0,0.0,0,0
16390,0,0.0,0.0,0.0,0.0,0,0
21209,2,11.450000000000001,21.3,1.6,22.900000000000002,0,0
21208,0,0.0,0.0,0.0,0.0,0,0
13660,0,0.0,0.0,0.0,0.0,0,0
26964,0,0.0,0.0,0.0,0.0,0,0
19078,0,0.0,0.0,0.0,0.0,0,0
26301,2,37.95,49.9,26.0,75.9,0,0
26300,1,28.9,28.9,28.9,28.9,0,0
20430,0,0.0,0.0,0.0,0.0,0,0
11592,1,5.6,5.6,5.6,5.6,0,0
19182,31,9.041931899641936,31.5,5.0,280.2998888889,0,0
11484,0,0.0,0.0,0.0,0.0,0,0
20462,0,0.0,0.0,0.0,0.0,0,0
19698,0,0.0,0.0,0.0,0.0,0,0
18852,0,0.0,0.0,0.0,0.0,0,0
21278,0,0.0,0.0,0.0,0.0,0,0
22482,0,0.0,0.0,0.0,0.0,0,0
19933,0,0.0,0.0,0.0,0.0,0,0
19932,0,0.0,0.0,0.0,0.0,0,0
12200,34,8.767620585294118,25.3,4.73,298.0990999,0,0
21578,43,12.147320930232558,24.99,9.3,522.3348,0,0
20536,48,1.8012539375,2.2,0.67,86.460189,0,0
20452,4,8.651,10.549,3.075,34.604,0,0
24780,0,0.0,0.0,0.0,0.0,0,0
30005,0,0.0,0.0,0.0,0.0,0,0
22399,0,0.0,0.0,0.0,0.0,0,0
22398,0,0.0,0.0,0.0,0.0,0,0
25145,13,9.3725,23.0,1.8,121.8425,0,0
25144,0,0.0,0.0,0.0,0.0,0,0
20278,1,42.0,42.0,42.0,42.0,0,0
19212,0,0.0,0.0,0.0,0.0,0,0
27766,22,2.7252227272727274,5.51,1.829,59.9549,0,0
23842,0,0.0,0.0,0.0,0.0,0,0
24370,11,3.910305227272727,14.97,0.8768885,43.0133575,0,0
21880,0,0.0,0.0,0.0,0.0,0,0
10866,18,3.8714869272222225,27.42069,1.04999989,69.68676469,0,0
18474,0,0.0,0.0,0.0,0.0,0,0
13688,0,0.0,0.0,0.0,0.0,0,0
21180,0,0.0,0.0,0.0,0.0,0,0
10756,3,17.666666666666668,22.9,12.6,53.0,0,0
10467,0,0.0,0.0,0.0,0.0,0,0
21420,6,1.8613499500000001,3.0899999,0.895,11.1680997,0,0
28619,4,2.4495,2.58,2.32,9.798,0,0
28618,8,1.6796125,2.05,1.4,13.4369,0,0
26162,8,8.3205775,19.67,4.9,66.56462,0,0
14318,14,3.006875214285714,4.212,2.05,42.096253,0,0
21143,5,2.996,4.41,2.2,14.98,0,0
27289,3,10.839999999999998,18.0,7.22,32.519999999999996,0,0
14954,0,0.0,0.0,0.0,0.0,0,0
19437,2,2.0949999999999998,2.29,1.9,4.1899999999999995,0,0
19436,5,2.0248999999999997,2.198,1.868,10.1245,0,0
10126,0,0.0,0.0,0.0,0.0,0,0
24936,21,4.258952333333333,27.42,1.967999,89.437999,0,0
15485,4,3.9050249999999997,9.0001,1.13,15.620099999999999,0,0
15484,5,1.5122300002000002,4.1012,0.64,7.561150001000001,0,0
10930,2,22.1,23.2,21.0,44.2,0,0
11488,1,17.0,17.0,17.0,17.0,0,0
22185,7,11.00447142857143,25.8013,2.94,77.0313,0,0
25040,31,13.020999967741936,24.5,9.41,403.650999,0,0
25278,14,3.5334197142857144,15.5,0.987899,49.467876000000004,0,0
26010,1,33.33,33.33,33.33,33.33,0,0
25610,26,4.998810473076538,15.1001,0.9,129.96907229999,0,0
10720,0,0.0,0.0,0.0,0.0,0,0
12655,16,7.45701875,28.9321,0.001,119.3123,0,0
13191,2,27.75,33.0,22.5,55.5,0,0
13190,3,19.016666666666666,22.4,14.65,57.05,0,0
17399,0,0.0,0.0,0.0,0.0,0,0
27956,1,16.4,16.4,16.4,16.4,0,0
22650,0,0.0,0.0,0.0,0.0,0,0
18558,0,0.0,0.0,0.0,0.0,0,0
11496,3,0.8633000000000001,0.9089,0.8,2.5899,0,0
17546,4,1.766675,1.939,1.5578,7.0667,0,0
22550,0,0.0,0.0,0.0,0.0,0,0
13029,0,0.0,0.0,0.0,0.0,0,0
27552,1,16.5432,16.5432,16.5432,16.5432,0,0
28743,2,45.94,50.0,41.88,91.88,0,0
20474,50,6.599421959600001,10.07,1.878,329.97109798,0,0
16224,0,0.0,0.0,0.0,0.0,0,0
16508,18,6.012864822222222,23.5,0.77,108.2315668,0,0
16040,3,26.316666666666666,35.25,19.7,78.95,0,0
20506,2,0.55315,0.9397,0.1666,1.1063,0,0
26321,0,0.0,0.0,0.0,0.0,0,0
26325,0,0.0,0.0,0.0,0.0,0,0
20960,0,0.0,0.0,0.0,0.0,0,0
14362,0,0.0,0.0,0.0,0.0,0,0
14070,0,0.0,0.0,0.0,0.0,0,0
18370,0,0.0,0.0,0.0,0.0,0,0
18364,0,0.0,0.0,0.0,0.0,0,0
14868,2,15.02,16.0,14.04,30.04,0,0
19935,0,0.0,0.0,0.0,0.0,0,0
19934,0,0.0,0.0,0.0,0.0,0,0
14862,0,0.0,0.0,0.0,0.0,0,0
24396,0,0.0,0.0,0.0,0.0,0,0
29254,26,3.730116338461538,12.6,1.49,96.9830248,0,0
18136,12,8.184083333333334,12.0,4.72,98.209,0,0
20556,3,0.7041666666666666,0.7795,0.66,2.1125,0,0
25452,0,0.0,0.0,0.0,0.0,0,0
18572,15,11.975959999999999,16.16,4.428,179.6394,0,0
29808,12,7.191215325000001,16.35,1.47,86.2945839,0,0
24044,0,0.0,0.0,0.0,0.0,0,0
28446,0,0.0,0.0,0.0,0.0,0,0
28352,0,0.0,0.0,0.0,0.0,0,0
18242,0,0.0,0.0,0.0,0.0,0,0
11548,29,5.16193506,25.0,2.05,149.69611674,0,0
18080,19,1.9968935783678947,3.39,1.579,37.94097798899,0,0
24694,14,2.3712142857142857,3.2369,1.94,33.197,0,0
29330,5,12.454079799999999,15.2,9.46,62.270399,0,0
26636,0,0.0,0.0,0.0,0.0,0,0
29510,0,0.0,0.0,0.0,0.0,0,0
17456,18,6.8927121555555555,30.75,1.64,124.0688188,0,0
22446,0,0.0,0.0,0.0,0.0,0,0
17490,16,8.52268685625,15.22,0.898,136.3629897,0,0
26556,4,17.769738806706115,21.1879,14.495,71.07895522682446,0,0
17228,6,11.237816666666667,18.5,5.31,67.4269,0,0
17118,2,5.378500000000001,5.4,5.357,10.757000000000001,0,0
13028,1,23.69,23.69,23.69,23.69,0,0
10730,0,0.0,0.0,0.0,0.0,0,0
26624,0,0.0,0.0,0.0,0.0,0,0
14136,0,0.0,0.0,0.0,0.0,0,0
23102,0,0.0,0.0,0.0,0.0,0,0
24806,2,13.78645,14.5729,13.0,27.5729,0,0
24807,3,10.933333333333332,21.0,5.3,32.8,0,0
18476,2,10.85,20.0,1.7,21.7,0,0
22129,1,11.0,11.0,11.0,11.0,0,0
22128,6,5.451291833333333,5.8909,4.3,32.707751,0,0
14276,50,4.29252071,6.0,1.1766,214.6260355,0,0
29987,0,0.0,0.0,0.0,0.0,0,0
29986,0,0.0,0.0,0.0,0.0,0,0
29873,2,5.234999999999999,5.5,4.97,10.469999999999999,0,0
29872,18,2.3647192,5.993,1.1099,42.5649456,0,0
11670,29,2.9010035409655175,25.0,0.919,84.129102688,0,0
20277,0,0.0,0.0,0.0,0.0,0,0
13891,3,3.074,3.99,1.632,9.222,0,0
24978,0,0.0,0.0,0.0,0.0,0,0
27536,0,0.0,0.0,0.0,0.0,0,0
27537,0,0.0,0.0,0.0,0.0,0,0
28750,11,6.184081818181818,24.0,1.68,68.0249,0,0
20751,0,0.0,0.0,0.0,0.0,0,0
20750,0,0.0,0.0,0.0,0.0,0,0
26520,21,6.158994761904761,29.8,2.04,129.33889,0,0
25124,0,0.0,0.0,0.0,0.0,0,0
23861,3,8.164666666666667,10.65,3.5276,24.494,0,0
14482,3,5.577599966666667,5.71,5.49,16.7327999,0,0
10090,8,2.1331249875,2.389,1.66,17.0649999,0,0
13512,34,8.113694114705883,10.9,3.209,275.8655999,0,0
29292,4,5.5825000000000005,13.8,2.37,22.330000000000002,0,0
29352,1,26.96,26.96,26.96,26.96,0,0
16314,5,6.12,13.4,1.0,30.6,0,0
16394,1,0.725,0.725,0.725,0.725,0,0
17746,0,0.0,0.0,0.0,0.0,0,0
12836,9,1.4492309888888888,3.3685999,0.641,13.0430789,0,0
19748,11,5.504418227272727,24.5,1.188,60.5486005,0,0
16593,2,1.1829999999999998,1.396,0.97,2.3659999999999997,0,0
16592,2,0.9850000000000001,1.05,0.92,1.9700000000000002,0,0
27758,3,18.900000000000002,25.0,14.75,56.7,0,0
20577,1,25.0,25.0,25.0,25.0,0,0
16084,4,37.067,62.0,20.888,148.268,0,0
27120,2,18.75,30.0,7.5,37.5,0,0
11368,0,0.0,0.0,0.0,0.0,0,0
23860,4,6.749223123249999,9.546992493,3.94,26.996892492999997,0,0
10558,17,1.5457982411764706,12.55,0.621,26.2785701,0,0
25249,0,0.0,0.0,0.0,0.0,0,0
12504,0,0.0,0.0,0.0,0.0,0,0
16580,0,0.0,0.0,0.0,0.0,0,0
27531,4,18.1225,26.5,0.99,72.49,0,0
17754,0,0.0,0.0,0.0,0.0,0,0
20998,0,0.0,0.0,0.0,0.0,0,0
15511,0,0.0,0.0,0.0,0.0,0,0
28512,2,15.725,17.2,14.25,31.45,0,0
11685,21,7.660952380952381,27.0,5.41,160.88,0,0
10992,4,2.044375,2.11,1.92,8.1775,0,0
10994,8,2.29675,2.7,2.01,18.374,0,0
10990,10,2.0684899999999997,2.27,1.8975,20.6849,0,0
10996,33,3.3751520133333335,5.118,1.629,111.38001644,0,0
29296,4,1.3753869472361808,2.3115577889447234,0.59,5.501547788944723,0,0
10368,50,9.707393979978,12.93,6.8,485.3696989989,0,0
15148,18,2.601756110555556,5.19,0.62,46.831609990000004,0,0
22366,1,21.49,21.49,21.49,21.49,0,0
28513,2,23.994999999999997,24.0,23.99,47.989999999999995,0,0
20784,23,4.555417391304348,6.32,1.87,104.7746,0,0
24146,19,4.510773684210527,16.69,1.769,85.7047,0,0
18608,4,5.156248875,5.29,4.9479955,20.6249955,0,0
12022,29,4.159510310344827,19.75,1.6988,120.625799,0,0
28276,4,17.66,27.6,5.05,70.64,0,0
13132,4,9.068325,22.0,4.75,36.2733,0,0
13154,26,3.3499942692307694,18.4,1.72,87.099851,0,0
20118,1,20.0,20.0,20.0,20.0,0,0
14776,1,18.3,18.3,18.3,18.3,0,0
24302,1,18.1,18.1,18.1,18.1,0,0
13754,1,18.2,18.2,18.2,18.2,0,0
15090,23,6.857869565217391,18.5,2.031,157.731,0,0
13755,1,26.0,26.0,26.0,26.0,0,0
26072,0,0.0,0.0,0.0,0.0,0,0
15091,3,7.974666666666667,22.3,0.7,23.924,0,0
22932,4,16.43365,28.99,5.7856,65.7346,0,0
18381,0,0.0,0.0,0.0,0.0,0,0
13368,0,0.0,0.0,0.0,0.0,0,0
11315,0,0.0,0.0,0.0,0.0,0,0
15172,21,5.183555656666667,5.72,1.98,108.85466879,0,0
17254,6,15.873316666666668,42.0,2.79,95.2399,0,0
17351,0,0.0,0.0,0.0,0.0,0,0
20486,0,0.0,0.0,0.0,0.0,0,0
17266,0,0.0,0.0,0.0,0.0,0,0
21133,0,0.0,0.0,0.0,0.0,0,0
20003,0,0.0,0.0,0.0,0.0,0,0
12974,8,16.862625,27.37,12.06,134.901,0,0
26163,1,20.0,20.0,20.0,20.0,0,0
18272,19,4.366550842105263,24.77,0.83,82.964466,0,0
12170,50,10.177704,29.2,2.32,508.8852,0,0
23214,0,0.0,0.0,0.0,0.0,0,0
27433,0,0.0,0.0,0.0,0.0,0,0
18784,0,0.0,0.0,0.0,0.0,0,0
27089,0,0.0,0.0,0.0,0.0,0,0
13821,6,16.49095,21.99,6.65,98.9457,0,0
11605,3,7.620033333333333,9.29,6.3201,22.8601,0,0
12072,4,23.84725,30.88,17.01,95.389,0,0
24090,6,3.5204998333333335,17.5,0.608,21.122999,0,0
28358,35,9.070097697142856,39.8,0.9,317.4534194,0,0
23347,0,0.0,0.0,0.0,0.0,0,0
16940,1,15.95,15.95,15.95,15.95,0,0
22158,24,8.435881583333334,14.58,1.32,202.461158,0,0
18178,3,15.306666666666667,17.69,12.28,45.92,0,0
14763,4,2.348625,2.49,2.19,9.3945,0,0
19814,0,0.0,0.0,0.0,0.0,0,0
16125,0,0.0,0.0,0.0,0.0,0,0
26798,35,5.455425971428571,39.66,1.55,190.939909,0,0
22968,2,29.75,42.5,17.0,59.5,0,0
20896,12,5.828945048333334,15.84,0.779,69.94734058,0,0
27388,0,0.0,0.0,0.0,0.0,0,0
29240,2,14.89,21.2,8.58,29.78,0,0
13735,0,0.0,0.0,0.0,0.0,0,0
11084,0,0.0,0.0,0.0,0.0,0,0
24227,4,12.5775,39.95,2.68,50.31,0,0
10534,21,4.359982357142858,8.32,1.77,91.55962950000001,0,0
26740,5,11.0798,12.19,9.51,55.399,0,0
18130,4,1.27264975,1.66,0.878599,5.090599,0,0
14820,0,0.0,0.0,0.0,0.0,0,0
24773,0,0.0,0.0,0.0,0.0,0,0
13650,12,1.9744330833333334,2.487999,0.6783,23.693197,0,0
28251,3,0.9806333333333334,1.0469,0.895,2.9419,0,0
25956,8,4.086775,13.96,1.91,32.6942,0,0
14893,0,0.0,0.0,0.0,0.0,0,0
14892,0,0.0,0.0,0.0,0.0,0,0
13195,0,0.0,0.0,0.0,0.0,0,0
22654,0,0.0,0.0,0.0,0.0,0,0
13076,0,0.0,0.0,0.0,0.0,0,0
10292,0,0.0,0.0,0.0,0.0,0,0
13278,0,0.0,0.0,0.0,0.0,0,0
13880,0,0.0,0.0,0.0,0.0,0,0
14586,0,0.0,0.0,0.0,0.0,0,0
15631,0,0.0,0.0,0.0,0.0,0,0
13614,3,2.4698333333333333,2.76,2.0747,7.4094999999999995,0,0
23526,11,5.081318181818182,5.99,3.826,55.8945,0,0
25032,19,10.079842105263157,16.0,7.87,191.517,0,0
29586,2,24.0,25.0,23.0,48.0,0,0
29587,3,12.593333333333334,32.0,2.38,37.78,0,0
19120,2,24.875,32.25,17.5,49.75,0,0
25200,0,0.0,0.0,0.0,0.0,0,0
13958,0,0.0,0.0,0.0,0.0,0,0
14990,16,2.024274975,2.2,1.56,32.3883996,0,0
16160,0,0.0,0.0,0.0,0.0,0,0
16997,0,0.0,0.0,0.0,0.0,0,0
17421,3,10.496666666666666,13.69,7.3,31.49,0,0
17420,11,3.064172727272727,11.0,2.02,33.7059,0,0
26950,6,1.41733315,1.999,0.619,8.5039989,0,0
25277,0,0.0,0.0,0.0,0.0,0,0
10172,4,2.9707249975,3.53299999,1.7399,11.88289999,0,0
24088,0,0.0,0.0,0.0,0.0,0,0
28270,2,14.0,21.0,7.0,28.0,0,0
13732,0,0.0,0.0,0.0,0.0,0,0
14848,3,8.676333333333334,9.18,7.679,26.029,0,0
29037,3,23.571366666666666,41.4141,14.3,70.7141,0,0
19873,0,0.0,0.0,0.0,0.0,0,0
16914,0,0.0,0.0,0.0,0.0,0,0
13662,2,16.995,18.5,15.49,33.99,0,0
21068,22,7.742668439390909,12.222,2.7499,170.3387056666,0,0
18715,3,6.78,8.89,5.2,20.34,0,0
18714,5,4.879,5.29,4.45,24.395,0,0
29443,0,0.0,0.0,0.0,0.0,0,0
29162,0,0.0,0.0,0.0,0.0,0,0
12834,0,0.0,0.0,0.0,0.0,0,0
22114,5,2.6557155999999997,3.15688,2.099999,13.278578,0,0
21622,0,0.0,0.0,0.0,0.0,0,0
16774,0,0.0,0.0,0.0,0.0,0,0
19377,4,15.655,22.0,7.77,62.62,0,0
10800,10,12.17934,30.0,2.75,121.7934,0,0
12940,3,16.999233333333333,25.888,2.1097,50.9977,0,0
13652,4,0.6009450000000001,0.60999,0.597,2.4037800000000002,0,0
29083,2,37.0,72.0,2.0,74.0,0,0
29082,2,43.05,72.0,14.1,86.1,0,0
24270,4,2.70125,4.09,1.405,10.805,0,0
24846,1,1.84,1.84,1.84,1.84,0,0
12420,5,6.58056,25.0,1.88,32.9028,0,0
19378,33,5.379628787878787,19.0,1.95,177.52775,0,0
22935,1,15.0,15.0,15.0,15.0,0,0
18740,1,1.67,1.67,1.67,1.67,0,0
25276,0,0.0,0.0,0.0,0.0,0,0
19100,3,21.126666666666665,26.9,16.48,63.379999999999995,0,0
14282,5,1.0762199000000001,1.3521990000000002,0.6489,5.3810995,0,0
12224,31,9.30503870967742,16.28,0.76,288.4562,0,0
20104,0,0.0,0.0,0.0,0.0,0,0
11925,0,0.0,0.0,0.0,0.0,0,0
12146,6,6.50565,20.0,2.93,39.0339,0,0
12147,4,15.65835,25.0,7.514,62.6334,0,0
26232,0,0.0,0.0,0.0,0.0,0,0
23358,3,4.663665933333333,10.74,1.4309978,13.9909978,0,0
21273,4,5.904999999999999,18.49,0.9,23.619999999999997,0,0
29216,3,17.996666666666666,19.24,15.72,53.99,0,0
27452,4,12.221275,14.99,11.15,48.8851,0,0
18630,25,7.0934,10.07,2.18,177.335,0,0
12363,3,16.263366666666666,17.0,15.8001,48.7901,0,0
10667,3,3.4913333333333334,3.699,3.275,10.474,0,0
22254,15,4.811403333333333,19.399,0.97,72.17105,0,0
20412,0,0.0,0.0,0.0,0.0,0,0
25038,0,0.0,0.0,0.0,0.0,0,0
26906,0,0.0,0.0,0.0,0.0,0,0
29736,2,16.245,16.5,15.99,32.49,0,0
26908,1,24.0,24.0,24.0,24.0,0,0
27316,0,0.0,0.0,0.0,0.0,0,0
23035,1,25.5,25.5,25.5,25.5,0,0
23023,3,19.006666666666664,20.95,16.69,57.019999999999996,0,0
23015,0,0.0,0.0,0.0,0.0,0,0
24900,0,0.0,0.0,0.0,0.0,0,0
16810,0,0.0,0.0,0.0,0.0,0,0
14683,3,28.366666666666664,37.0,21.1,85.1,0,0
14682,2,17.5245,18.98,16.069,35.049,0,0
25794,12,1.6779149999999998,2.7999,0.802,20.13498,0,0
23019,0,0.0,0.0,0.0,0.0,0,0
13456,8,7.29625,8.4,5.15,58.37,0,0
12909,0,0.0,0.0,0.0,0.0,0,0
11818,2,5.54,5.62,5.46,11.08,0,0
11757,6,2.5042500000000003,3.0,2.1575,15.025500000000001,0,0
11756,7,2.690431428571429,3.35,2.369,18.83302,0,0
11706,14,1.9130318357142855,2.63,1.77,26.782445699999997,0,0
11700,15,2.4423466666666664,2.99,1.967,36.6352,0,0
14726,0,0.0,0.0,0.0,0.0,0,0
14727,0,0.0,0.0,0.0,0.0,0,0
17689,2,2.0,3.0,1.0,4.0,0,0
28762,0,0.0,0.0,0.0,0.0,0,0
26362,2,23.055,26.39,19.72,46.11,0,0
16320,2,21.845,25.0,18.69,43.69,0,0
15632,6,7.008299833333333,21.37,1.35,42.049799,0,0
18406,2,19.494500000000002,19.79,19.199,38.989000000000004,0,0
22978,50,10.994010000000001,15.41,5.435,549.7005,0,0
17964,9,4.057259543333327,16.37,0.833,36.515335889999946,0,0
15182,26,6.223809534615384,24.255,0.65,161.8190479,0,0
14850,1,15.47,15.47,15.47,15.47,0,0
17390,13,2.6745692223076927,3.15,2.032,34.76939989,0,0
26633,0,0.0,0.0,0.0,0.0,0,0
26632,0,0.0,0.0,0.0,0.0,0,0
21386,50,7.5172151099999995,11.41,2.235,375.8607555,0,0
22236,12,2.2256416658333333,3.3,1.86999999,26.70769999,0,0
15615,0,0.0,0.0,0.0,0.0,0,0
15607,0,0.0,0.0,0.0,0.0,0,0
18512,2,17.171,17.4,16.942,34.342,0,0
24962,46,12.529743152173914,40.29,2.3299,576.368185,0,0
23346,0,0.0,0.0,0.0,0.0,0,0
15668,0,0.0,0.0,0.0,0.0,0,0
17617,0,0.0,0.0,0.0,0.0,0,0
12913,6,2.4817666666666667,2.75,2.289,14.8906,0,0
17616,0,0.0,0.0,0.0,0.0,0,0
26901,10,1.797,2.51,1.42,17.97,0,0
29618,4,2.78025,5.091,1.75,11.121,0,0
16787,0,0.0,0.0,0.0,0.0,0,0
12298,0,0.0,0.0,0.0,0.0,0,0
20226,6,8.369366666666666,23.0,1.63,50.2162,0,0
29947,0,0.0,0.0,0.0,0.0,0,0
19520,0,0.0,0.0,0.0,0.0,0,0
16194,15,1.3467333333333333,2.55,0.635,20.201,0,0
14052,2,16.085,18.4,13.77,32.17,0,0
28418,3,23.466333333333335,30.0,14.999,70.399,0,0
27818,7,17.764857142857142,34.9,0.794,124.354,0,0
19122,1,16.77,16.77,16.77,16.77,0,0
12946,22,5.748063636363637,15.0,2.22,126.4574,0,0
17962,1,13.4999,13.4999,13.4999,13.4999,0,0
25064,0,0.0,0.0,0.0,0.0,0,0
11838,3,5.779666633333334,12.999,2.15,17.3389999,0,0
22092,4,16.11225,17.1,14.499,64.449,0,0
24272,2,14.379999999999999,14.99,13.77,28.759999999999998,0,0
12452,4,16.28,23.77,11.0,65.12,0,0
15584,14,7.2338642857140645,14.499,1.88,101.2740999999969,0,0
18694,26,7.706241099884616,19.88,1.33,200.362268597,0,0
11766,50,2.56210522179,5.7699,0.87,128.1052610895,0,0
11710,31,4.19300035483871,5.8,1.02,129.983011,0,0
11730,18,2.3197421772222224,3.5499592,1.27,41.75535919,0,0
11724,12,3.2859416666666665,5.46,2.09,39.4313,0,0
11742,11,2.1767273636363638,2.63,1.86,23.944001,0,0
11762,8,2.2753625,2.63,2.096,18.2029,0,0
11732,3,3.205666666666667,3.988,2.63,9.617,0,0
11882,10,3.0320499,5.46,1.989,30.320499,0,0
11880,0,0.0,0.0,0.0,0.0,0,0
11874,4,5.30972475,5.858999,4.9599,21.238899,0,0
11870,12,2.8209765,4.01,1.827,33.851718,0,0
11872,5,2.778,4.01,2.18,13.89,0,0
11878,9,2.6808533333333333,4.01,1.90968,24.12768,0,0
11866,4,2.664475,4.01,1.9279,10.6579,0,0
11864,29,1.731196103448276,5.945,0.6,50.204687,0,0
11862,10,2.1741099900000003,2.497,1.7836,21.741099900000002,0,0
11860,37,8.361772094594594,19.95,0.6,309.3855675,0,0
11858,3,2.3713333333333333,2.63,2.114,7.114,0,0
11319,0,0.0,0.0,0.0,0.0,0,0
16980,5,19.116,25.99,8.69,95.58,0,0
26267,0,0.0,0.0,0.0,0.0,0,0
25253,0,0.0,0.0,0.0,0.0,0,0
23357,0,0.0,0.0,0.0,0.0,0,0
19525,0,0.0,0.0,0.0,0.0,0,0
19524,0,0.0,0.0,0.0,0.0,0,0
24792,5,0.9173998000000001,0.947,0.88,4.5869990000000005,0,0
24793,4,1.19275,1.396,1.0,4.771,0,0
14757,2,34.75,65.0,4.5,69.5,0,0
21970,44,10.438288406818181,12.92,5.74,459.2846899,0,0
28285,2,26.75,28.0,25.5,53.5,0,0
23772,11,10.515727272727274,28.0,2.5,115.673,0,0
19148,3,22.66333333333333,30.0,18.0,67.99,0,0
13159,2,23.4,28.8,18.0,46.8,0,0
19477,2,2.6050000000000004,2.99,2.22,5.210000000000001,0,0
24901,3,27.599999999999998,30.0,25.0,82.8,0,0
12267,3,2.646666666666667,4.04,1.84,7.94,0,0
29124,5,26.256,39.5,16.001,131.28,0,0
10148,5,15.908799980000001,37.87,4.8499999,79.5439999,0,0
22997,8,14.0157125,25.9,2.468,112.1257,0,0
18793,5,6.592239999999999,12.0012,3.98,32.9612,0,0
12348,2,18.006,18.012,18.0,36.012,0,0
13846,5,5.6698,20.01,1.71,28.349,0,0
10086,0,0.0,0.0,0.0,0.0,0,0
29431,2,12.1500005,12.19,12.110001,24.300001,0,0
21450,0,0.0,0.0,0.0,0.0,0,0
24994,0,0.0,0.0,0.0,0.0,0,0
14998,0,0.0,0.0,0.0,0.0,0,0
29442,0,0.0,0.0,0.0,0.0,0,0
12411,0,0.0,0.0,0.0,0.0,0,0
28214,3,26.52333333333333,36.98,20.6,79.57,0,0
20329,10,3.9119,7.7,1.08,39.119,0,0
29121,5,2.7729600000000003,3.3999,2.3099,13.8648,0,0
19722,3,16.26,24.1,10.88,48.78,0,0
11856,2,2.2794499999999998,2.63,1.9289,4.5588999999999995,0,0
17977,6,3.6565,5.68,1.649,21.939,0,0
11852,2,19.95,21.9,18.0,39.9,0,0
11848,11,3.6371818181818183,5.46,1.73,40.009,0,0
11844,13,2.5567523076923075,5.46,1.949,33.23778,0,0
11980,5,2.726108198,4.01,1.8249,13.63054099,0,0
11978,10,3.19978997,5.77,1.45,31.997899699999998,0,0
11976,7,2.419005714285714,4.0102,1.51,16.93304,0,0
11972,19,2.7682894210526316,4.019799,1.975,52.597499,0,0
11966,40,6.849343999725001,11.26,1.07,273.97375998900003,0,0
11968,0,0.0,0.0,0.0,0.0,0,0
11970,14,3.5891315857142865,5.46,1.938,50.24784220000001,0,0
30004,0,0.0,0.0,0.0,0.0,0,0
11964,3,5.400666666666666,5.632,5.11,16.201999999999998,0,0
11960,6,1.8265500000000001,4.0113,0.577,10.9593,0,0
11952,3,2.8596,4.01,2.1988,8.5788,0,0
11950,2,4.037,4.064,4.01,8.074,0,0
11948,10,4.92519888,5.82,4.4,49.2519888,0,0
11946,13,7.67804,11.44,4.0,99.81452,0,0
11944,3,4.039666666666666,4.148,3.961,12.119,0,0
11959,4,4.0225,4.99,3.19,16.09,0,0
11758,4,2.502,2.658,2.33,10.008,0,0
11713,2,3.8449999999999998,4.6,3.09,7.6899999999999995,0,0
11746,4,2.2971,2.63,2.0994,9.1884,0,0
11697,5,5.799,6.13,5.55,28.995,0,0
11718,2,2.5170000000000003,2.544,2.49,5.034000000000001,0,0
11719,5,3.595399998,4.68799999,2.52,17.97699999,0,0
11962,16,2.47508125,4.01,1.14,39.6013,0,0
11812,9,2.866888888888889,3.68,2.35,25.802,0,0
11813,4,3.06725,3.52,2.49,12.269,0,0
13667,0,0.0,0.0,0.0,0.0,0,0
11740,5,4.006998,5.8,2.48499,20.03499,0,0
11741,2,2.37495,3.1499,1.6,4.7499,0,0
11826,10,2.893933,5.567,1.0,28.93933,0,0
11735,6,2.4800666666666666,4.75,1.12,14.8804,0,0
11702,17,2.259588229411765,2.67,1.58,38.4129999,0,0
11703,8,3.2614875,4.45,1.86,26.0919,0,0
11738,7,2.2912857142857144,2.999,1.86,16.039,0,0
11618,17,1.6480851352941182,2.83588,0.895,28.017447300000008,0,0
11619,4,4.5925,9.55,2.48,18.37,0,0
11796,2,2.4050000000000002,2.63,2.18,4.8100000000000005,0,0
11877,10,2.694156281407035,4.15,1.5,26.941562814070352,0,0
12424,5,3.31584,4.028,2.0397,16.5792,0,0
11744,8,2.384225,2.6469,2.03,19.0738,0,0
11721,1,2.58,2.58,2.58,2.58,0,0
11722,4,2.3657500000000002,2.63,2.185,9.463000000000001,0,0
11802,6,4.426666666666667,5.45,2.74,26.560000000000002,0,0
11723,4,3.457875,5.0,2.5215,13.8315,0,0
23730,5,2.37,4.15,0.99,11.85,0,0
27349,1,33.0,33.0,33.0,33.0,0,0
19088,1,29.0,29.0,29.0,29.0,0,0
21446,16,4.9401,5.62,4.66,79.0416,0,0
27164,6,1.6580627666666665,1.82899,1.4405,9.9483766,0,0
21950,1,1.5,1.5,1.5,1.5,0,0
18766,4,26.1125,39.5,11.5,104.45,0,0
24565,3,3.91,4.25,3.4,11.73,0,0
20293,4,4.073425,4.2037,3.99,16.2937,0,0
23045,3,2.4165666666666668,2.65,2.29,7.2497,0,0
23017,15,2.5877986666666666,4.4,1.03,38.81698,0,0
20309,0,0.0,0.0,0.0,0.0,0,0
17124,8,12.155,26.0,4.95,97.24,0,0
20319,2,32.5,35.0,30.0,65.0,0,0
20313,1,35.0,35.0,35.0,35.0,0,0
10113,1,5.5,5.5,5.5,5.5,0,0
10680,6,2.3272633333333332,3.41898,1.87,13.96358,0,0
26578,0,0.0,0.0,0.0,0.0,0,0
26582,0,0.0,0.0,0.0,0.0,0,0
26584,0,0.0,0.0,0.0,0.0,0,0
26585,0,0.0,0.0,0.0,0.0,0,0
17738,22,1.7267522268181816,2.5799,1.3247,37.98854899,0,0
16426,0,0.0,0.0,0.0,0.0,0,0
28463,6,11.733166666666667,33.0,2.149,70.399,0,0
17646,6,1.9216666666666669,2.2,0.73,11.530000000000001,0,0
23200,0,0.0,0.0,0.0,0.0,0,0
20299,4,21.475,35.0,13.5,85.9,0,0
28452,0,0.0,0.0,0.0,0.0,0,0
20291,0,0.0,0.0,0.0,0.0,0,0
23013,4,6.70925,7.0,6.347,26.837,0,0
20303,0,0.0,0.0,0.0,0.0,0,0
20294,7,11.538219999999999,26.5,0.75,80.76754,0,0
14898,0,0.0,0.0,0.0,0.0,0,0
14466,0,0.0,0.0,0.0,0.0,0,0
10078,0,0.0,0.0,0.0,0.0,0,0
20296,1,24.7,24.7,24.7,24.7,0,0
16540,6,13.023333333333333,25.5,1.79,78.14,0,0
14468,0,0.0,0.0,0.0,0.0,0,0
14470,0,0.0,0.0,0.0,0.0,0,0
20304,2,5.6742835,5.888567,5.46,11.348567,0,0
23034,1,13.0,13.0,13.0,13.0,0,0
23032,3,21.378066666666665,24.9,15.54,64.13419999999999,0,0
23022,1,18.6,18.6,18.6,18.6,0,0
20322,0,0.0,0.0,0.0,0.0,0,0
20292,2,15.629999999999999,16.88,14.38,31.259999999999998,0,0
14460,2,12.575,20.0,5.15,25.15,0,0
14464,2,20.1,23.0,17.2,40.2,0,0
12713,0,0.0,0.0,0.0,0.0,0,0
23840,28,4.755166250357143,15.5,0.89,133.14465501,0,0
27860,0,0.0,0.0,0.0,0.0,0,0
25055,0,0.0,0.0,0.0,0.0,0,0
25054,0,0.0,0.0,0.0,0.0,0,0
23960,8,1.810811875,2.222,1.4,14.486495,0,0
23598,0,0.0,0.0,0.0,0.0,0,0
10589,0,0.0,0.0,0.0,0.0,0,0
10588,0,0.0,0.0,0.0,0.0,0,0
10536,4,12.3475,15.0,8.04,49.39,0,0
27468,11,1.5870535454545454,2.57,0.874899,17.457589,0,0
23270,0,0.0,0.0,0.0,0.0,0,0
23036,25,14.4467216,17.75,1.51,361.16804,0,0
20306,3,24.0,29.0,15.0,72.0,0,0
23044,1,15.69,15.69,15.69,15.69,0,0
23016,2,33.70705,50.0,17.4141,67.4141,0,0
23014,1,31.99,31.99,31.99,31.99,0,0
20300,2,28.9,31.8,26.0,57.8,0,0
20308,16,8.96430625,25.5,2.11,143.4289,0,0
14454,1,3.94,3.94,3.94,3.94,0,0
23267,1,40.0,40.0,40.0,40.0,0,0
20312,1,23.95,23.95,23.95,23.95,0,0
10629,6,14.116950000000001,19.99,9.8317,84.7017,0,0
28462,15,12.02992,40.0,3.05,180.4488,0,0
15948,3,19.083333333333332,22.98,14.38,57.25,0,0
26418,4,14.4877,19.6488,5.824,57.9508,0,0
23924,1,0.0,0.0,0.0,0.0,0,0
28470,4,2.25425,2.298,2.19,9.017,0,0
12177,0,0.0,0.0,0.0,0.0,0,0
19359,8,10.167125,40.0,3.09,81.337,0,0
25674,27,3.2379723822222197,20.0,1.72,87.42525431999994,0,0
26250,0,0.0,0.0,0.0,0.0,0,0
10850,0,0.0,0.0,0.0,0.0,0,0
23628,2,1.0785,1.08,1.077,2.157,0,0
21236,12,1.8134916666666667,2.85,0.7,21.7619,0,0
24582,50,3.4915168401020003,8.31,0.794,174.57584200510001,0,0
27914,0,0.0,0.0,0.0,0.0,0,0
27406,0,0.0,0.0,0.0,0.0,0,0
18914,0,0.0,0.0,0.0,0.0,0,0
20774,0,0.0,0.0,0.0,0.0,0,0
10608,0,0.0,0.0,0.0,0.0,0,0
21540,7,4.812385714285715,5.629,4.1988,33.6867,0,0
16086,3,0.8471333333333299,0.90439999999999,0.817,2.5413999999999897,0,0
11094,0,0.0,0.0,0.0,0.0,0,0
14472,0,0.0,0.0,0.0,0.0,0,0
14462,0,0.0,0.0,0.0,0.0,0,0
12316,9,10.073755555555556,15.0,2.047,90.6638,0,0
14456,7,10.634142857142857,18.0,5.24,74.439,0,0
20298,17,3.8180705882352943,6.3,2.0,64.9072,0,0
13628,30,13.604496666666668,15.9,2.4269,408.1349,0,0
14902,0,0.0,0.0,0.0,0.0,0,0
22064,5,2.2147979999999996,2.27,2.08999,11.073989999999998,0,0
23018,2,21.0599999999995,28.5,13.619999999999001,42.119999999999,0,0
23012,4,22.5625,39.0,11.3,90.25,0,0
23026,9,7.405166666666667,14.25,4.8474,66.6465,0,0
14596,4,23.2,33.0,9.3,92.8,0,0
17830,11,1.2614536354545456,1.405,1.11,13.87598999,0,0
13030,0,0.0,0.0,0.0,0.0,0,0
14656,0,0.0,0.0,0.0,0.0,0,0
17842,37,7.277153945108108,18.85,1.729998989,269.254695969,0,0
19199,1,25.5,25.5,25.5,25.5,0,0
22860,1,17.67,17.67,17.67,17.67,0,0
20796,4,19.0475,23.0,14.69,76.19,0,0
19022,0,0.0,0.0,0.0,0.0,0,0
18308,5,22.887999999999998,35.95,11.99,114.44,0,0
24882,2,14.895,17.0,12.79,29.79,0,0
23850,14,2.9894857,17.67,0.553,41.8527998,0,0
10882,1,28.88,28.88,28.88,28.88,0,0
15199,4,7.8675,10.0,4.83,31.47,0,0
23487,0,0.0,0.0,0.0,0.0,0,0
15545,2,29.5,31.0,28.0,59.0,0,0
20302,6,6.419666666666667,18.3,2.75,38.518,0,0
12240,0,0.0,0.0,0.0,0.0,0,0
15921,0,0.0,0.0,0.0,0.0,0,0
28455,0,0.0,0.0,0.0,0.0,0,0
28454,0,0.0,0.0,0.0,0.0,0,0
28449,0,0.0,0.0,0.0,0.0,0,0
28448,2,4.34,4.69,3.99,8.68,0,0
20361,4,21.59,44.44,2.93,86.36,0,0
12699,2,20.375,22.0,18.75,40.75,0,0
12698,2,20.95,26.9,15.0,41.9,0,0
15565,14,3.6773179285714286,11.0535,1.04,51.482451,0,0
15564,50,5.879815730000001,9.13,1.5939990000000002,293.9907865,0,0
19084,0,0.0,0.0,0.0,0.0,0,0
29971,3,14.166666666666666,36.0,2.3,42.5,0,0
20906,26,8.346576923076922,19.99,5.0,217.011,0,0
14338,0,0.0,0.0,0.0,0.0,0,0
14339,0,0.0,0.0,0.0,0.0,0,0
10550,0,0.0,0.0,0.0,0.0,0,0
28390,4,15.5,22.0,9.0,62.0,0,0
15822,0,0.0,0.0,0.0,0.0,0,0
29164,4,4.064975,6.6,2.0699,16.2599,0,0
29774,0,0.0,0.0,0.0,0.0,0,0
27186,20,6.82723449995,16.5,0.7899,136.544689999,0,0
12292,0,0.0,0.0,0.0,0.0,0,0
12293,0,0.0,0.0,0.0,0.0,0,0
27574,4,7.6173,15.9,2.3592,30.4692,0,0
15723,0,0.0,0.0,0.0,0.0,0,0
27862,4,16.8175,19.88,9.8,67.27,0,0
12942,0,0.0,0.0,0.0,0.0,0,0
20102,11,3.0176363636363632,4.6,1.98,33.193999999999996,0,0
21981,0,0.0,0.0,0.0,0.0,0,0
21272,0,0.0,0.0,0.0,0.0,0,0
12874,0,0.0,0.0,0.0,0.0,0,0
22284,3,14.965633333333335,16.65,11.6969,44.8969,0,0
17526,7,12.114285714285714,21.5,5.2,84.8,0,0
19947,1,25.0,25.0,25.0,25.0,0,0
20415,6,11.798333333333332,25.99,1.6,70.78999999999999,0,0
16794,14,7.976935685714286,17.9,3.85,111.6770996,0,0
19506,3,1.5553333333333335,1.686,1.42,4.666,0,0
29226,0,0.0,0.0,0.0,0.0,0,0
15106,2,26.9995,40.0,13.999,53.999,0,0
26975,3,18.16,24.5,13.0,54.480000000000004,0,0
26974,5,15.985399999999998,22.5,11.0,79.92699999999999,0,0
25882,15,9.563894666666666,12.12,5.18,143.45842,0,0
26114,11,3.5239985400000005,4.08,2.35,38.76398394,0,0
19238,0,0.0,0.0,0.0,0.0,0,0
19070,41,1.2321015815853658,2.4598966,0.7,50.51616484499999,0,0
17872,0,0.0,0.0,0.0,0.0,0,0
26838,6,2.3541648333333334,9.69,0.81,14.124989,0,0
26948,5,19.2,24.5,9.5,96.0,0,0
14109,2,2.77,2.99,2.55,5.54,0,0
23606,0,0.0,0.0,0.0,0.0,0,0
14087,1,32.8,32.8,32.8,32.8,0,0
23664,0,0.0,0.0,0.0,0.0,0,0
21448,0,0.0,0.0,0.0,0.0,0,0
12512,9,12.0641,16.21,0.757,108.5769,0,0
19820,6,14.364799500000002,23.6,2.198797,86.18879700000001,0,0
15856,1,2.0,2.0,2.0,2.0,0,0
29858,50,4.32209137978,8.08,1.72,216.104568989,0,0
28723,2,4.87,5.99,3.75,9.74,0,0
28722,3,2.9629999999999996,3.5,2.49,8.889,0,0
25312,0,0.0,0.0,0.0,0.0,0,0
27213,0,0.0,0.0,0.0,0.0,0,0
23882,19,13.675263157889473,26.0,10.79,259.8299999999,0,0
29418,5,5.37072,5.79,4.365,26.8536,0,0
27880,10,5.09696,19.4,2.0995,50.9696,0,0
26108,3,27.576666666666664,37.44,16.79,82.72999999999999,0,0
24426,2,1.96745,1.97,1.9649,3.9349,0,0
22570,18,9.111663111111111,24.98,1.8283,164.009936,0,0
20068,1,18.0,18.0,18.0,18.0,0,0
19842,1,2.5,2.5,2.5,2.5,0,0
10340,16,2.933468125,13.2006,1.333,46.93549,0,0
13498,3,21.86,30.69,15.39,65.58,0,0
19422,47,13.528039221276597,16.22,5.0999,635.8178434,0,0
22690,0,0.0,0.0,0.0,0.0,0,0
21328,23,10.506151739130434,22.5,4.64,241.64149,0,0
21080,6,14.674999999999999,17.4,13.5,88.05,0,0
17948,1,14.5,14.5,14.5,14.5,0,0
27260,3,13.993333333333334,16.8,10.88,41.980000000000004,0,0
11038,3,19.55966666666667,23.69,17.0,58.679,0,0
24528,0,0.0,0.0,0.0,0.0,0,0
27008,0,0.0,0.0,0.0,0.0,0,0
25324,0,0.0,0.0,0.0,0.0,0,0
28194,0,0.0,0.0,0.0,0.0,0,0
28892,18,7.561543888333333,23.98,2.13879,136.10778999,0,0
28250,3,0.8638146666666664,1.08,0.747,2.591443999999999,0,0
12902,0,0.0,0.0,0.0,0.0,0,0
17992,0,0.0,0.0,0.0,0.0,0,0
19590,2,11.372499999999999,14.0,8.745,22.744999999999997,0,0
25916,7,3.2667157128571427,4.04909999,2.21,22.86700999,0,0
24772,0,0.0,0.0,0.0,0.0,0,0
23910,18,15.720555555555556,16.26,13.91,282.97,0,0
29968,2,4.045,4.5,3.59,8.09,0,0
11364,1,45.0,45.0,45.0,45.0,0,0
12602,1,12.0,12.0,12.0,12.0,0,0
25359,0,0.0,0.0,0.0,0.0,0,0
21921,0,0.0,0.0,0.0,0.0,0,0
26518,2,12.675,18.0,7.35,25.35,0,0
25358,0,0.0,0.0,0.0,0.0,0,0
21920,0,0.0,0.0,0.0,0.0,0,0
12688,1,8.75,8.75,8.75,8.75,0,0
15016,8,12.663987375,29.88,1.599999,101.311899,0,0
25366,0,0.0,0.0,0.0,0.0,0,0
25616,45,9.000611350888889,16.13,2.00979979,405.02751079,0,0
28242,0,0.0,0.0,0.0,0.0,0,0
22868,4,16.0425,25.5,8.48,64.17,0,0
21774,2,13.58845,20.0,7.1769,27.1769,0,0
11935,4,19.5475,32.0,10.0,78.19,0,0
13158,50,9.1190399998,11.75,4.75,455.95199999,0,0
12810,14,7.084342642857143,16.69,0.855,99.180797,0,0
12811,1,28.0,28.0,28.0,28.0,0,0
19052,0,0.0,0.0,0.0,0.0,0,0
24282,0,0.0,0.0,0.0,0.0,0,0
28083,0,0.0,0.0,0.0,0.0,0,0
14695,1,22.0,22.0,22.0,22.0,0,0
15204,24,13.976109995833333,16.251,5.54,335.4266399,0,0
23680,0,0.0,0.0,0.0,0.0,0,0
23356,3,2.4268666666666667,2.458,2.41,7.2806,0,0
19776,5,15.940000000000001,19.5,7.5,79.7,0,0
23428,0,0.0,0.0,0.0,0.0,0,0
17472,10,1.53469378,7.69,0.79994,15.346937800000001,0,0
10182,18,2.08128886605,2.43,1.75,37.4631995889,0,0
28171,3,13.226666666666667,32.0,2.78,39.68,0,0
28170,3,5.712633333333333,13.09,1.899,17.1379,0,0
20858,3,19.166666666666668,22.0,15.0,57.5,0,0
20859,2,22.494999999999997,25.0,19.99,44.989999999999995,0,0
29537,4,7.63,27.0,1.04,30.52,0,0
29536,5,7.881600000000001,23.0,1.898,39.408,0,0
20081,4,21.7975,33.0,11.5,87.19,0,0
15742,0,0.0,0.0,0.0,0.0,0,0
13716,3,3.2066666666666666,6.1,1.7,9.62,0,0
22324,10,6.5966,26.7,1.4785,65.966,0,0
10474,0,0.0,0.0,0.0,0.0,0,0
25488,2,24.375,26.75,22.0,48.75,0,0
16112,29,11.711789655172414,14.9,2.768,339.6419,0,0
16714,15,6.8531933333333335,18.593,1.4879,102.7979,0,0
11410,0,0.0,0.0,0.0,0.0,0,0
28086,2,25.45,28.9,22.0,50.9,0,0
25810,9,6.3004999999999995,27.0,0.581,56.704499999999996,0,0
21016,20,8.9804045,29.0,1.13,179.60809,0,0
25694,22,4.98800074354545,29.5,0.786,109.7360163579999,0,0
21212,17,17.92752470588235,39.5,14.99,304.76792,0,0
13918,1,26.39,26.39,26.39,26.39,0,0
19610,13,14.335684615384615,16.29,1.4699,186.3639,0,0
26664,3,1.99663,2.5,1.74,5.98989,0,0
11772,4,13.5875,14.88,12.97,54.35,0,0
25884,6,12.032828281666667,20.5,2.52,72.19696969,0,0
13604,1,16.68,16.68,16.68,16.68,0,0
15624,17,8.182105694117647,17.5,2.059799,139.0957968,0,0
10072,40,14.81595,19.31,2.63,592.638,0,0
27764,21,5.494066666666667,27.98,1.918,115.3754,0,0
15379,2,18.945,19.9,17.99,37.89,0,0
15378,13,3.676476,15.0,1.811,47.794188,0,0
17048,0,0.0,0.0,0.0,0.0,0,0
13902,4,16.90825,25.5,7.333,67.633,0,0
10066,50,8.744613776,14.87,3.854,437.2306888,0,0
20360,11,7.456272636363636,8.35,5.14,82.018999,0,0
23352,50,5.04732282,16.21,2.03,252.366141,0,0
11924,1,9.2929,9.2929,9.2929,9.2929,0,0
17205,0,0.0,0.0,0.0,0.0,0,0
12853,6,3.3735000099443333,5.99,5.9666e-08,20.241000059666,0,0
11596,0,0.0,0.0,0.0,0.0,0,0
17204,0,0.0,0.0,0.0,0.0,0,0
12852,0,0.0,0.0,0.0,0.0,0,0
14578,15,4.50526548,18.1,1.928,67.5789822,0,0
11221,0,0.0,0.0,0.0,0.0,0,0
14440,3,12.7418,19.0,9.5455,38.2254,0,0
14436,0,0.0,0.0,0.0,0.0,0,0
19680,0,0.0,0.0,0.0,0.0,0,0
26166,47,6.683561678723405,23.0,0.8,314.1273989,0,0
20347,0,0.0,0.0,0.0,0.0,0,0
15248,0,0.0,0.0,0.0,0.0,0,0
15838,8,12.513625,18.9,4.969,100.109,0,0
15832,6,7.115865,14.975,1.96139,42.695190000000004,0,0
22140,10,0.835,1.09,0.56,8.35,0,0
10846,7,1.4783855442857143,1.637,1.32000001,10.34869881,0,0
14050,4,0.9099722475,1.23,0.66998999,3.63988899,0,0
28228,0,0.0,0.0,0.0,0.0,0,0
10674,1,9.4,9.4,9.4,9.4,0,0
21508,10,6.2868,23.13,0.84,62.868,0,0
24094,1,23.27,23.27,23.27,23.27,0,0
27348,5,1.14,1.17,1.08,5.699999999999999,0,0
18716,2,17.94,20.98,14.9,35.88,0,0
26561,0,0.0,0.0,0.0,0.0,0,0
26560,0,0.0,0.0,0.0,0.0,0,0
13048,0,0.0,0.0,0.0,0.0,0,0
23180,0,0.0,0.0,0.0,0.0,0,0
23181,0,0.0,0.0,0.0,0.0,0,0
26206,0,0.0,0.0,0.0,0.0,0,0
13700,6,8.775833333333333,14.1,5.485,52.655,0,0
21710,25,9.808551959999999,22.5,2.09,245.213799,0,0
13749,5,6.442,24.0,1.69,32.21,0,0
15030,11,1.2474068909090892,1.769999,0.842,13.72147579999998,0,0
13318,24,7.9625625,16.21,1.459,191.1015,0,0
26944,0,0.0,0.0,0.0,0.0,0,0
20716,20,4.745609845,14.99,0.929429,94.9121969,0,0
17446,23,6.287469565217391,11.35,0.787,144.6118,0,0
12700,5,5.01978,5.199,4.73,25.0989,0,0
17026,1,1.99,1.99,1.99,1.99,0,0
17264,0,0.0,0.0,0.0,0.0,0,0
16179,11,4.274545454545454,18.5,2.21,47.02,0,0
16178,1,16.39,16.39,16.39,16.39,0,0
19230,1,2.24,2.24,2.24,2.24,0,0
20640,0,0.0,0.0,0.0,0.0,0,0
21443,2,9.975000000000001,11.4,8.55,19.950000000000003,0,0
26766,5,7.7378,20.8,3.95,38.689,0,0
15202,0,0.0,0.0,0.0,0.0,0,0
14426,9,2.4657488888888888,6.5,0.769,22.19174,0,0
29984,3,8.08,8.55,7.24,24.240000000000002,0,0
29985,0,0.0,0.0,0.0,0.0,0,0
24240,6,13.358166666666667,23.0,5.04,80.149,0,0
16946,6,2.2364973566666673,2.45,2.12,13.418984140000003,0,0
13039,0,0.0,0.0,0.0,0.0,0,0
15362,4,5.187497175,6.5,4.558,20.7499887,0,0
19806,10,1.81358,2.399,1.34,18.1358,0,0
14622,5,1.23815484,1.26,1.22,6.1907742,0,0
14013,0,0.0,0.0,0.0,0.0,0,0
29376,0,0.0,0.0,0.0,0.0,0,0
14012,2,1.205,1.25,1.16,2.41,0,0
22118,1,2.43,2.43,2.43,2.43,0,0
16750,0,0.0,0.0,0.0,0.0,0,0
20608,0,0.0,0.0,0.0,0.0,0,0
14038,0,0.0,0.0,0.0,0.0,0,0
27236,0,0.0,0.0,0.0,0.0,0,0
23819,0,0.0,0.0,0.0,0.0,0,0
28130,0,0.0,0.0,0.0,0.0,0,0
19779,4,4.7109,6.0,3.65,18.8436,0,0
19778,7,7.618142857142857,23.777,0.64,53.327,0,0
12472,3,18.363333333333333,24.35,14.94,55.09,0,0
17701,1,40.18,40.18,40.18,40.18,0,0
27727,0,0.0,0.0,0.0,0.0,0,0
19556,16,12.560561875,17.68,6.21999,200.96899,0,0
18186,2,16.0,18.5,13.5,32.0,0,0
25012,7,4.619571428571429,5.58,2.88,32.337,0,0
10466,2,4.11,4.15,4.07,8.22,0,0
25786,0,0.0,0.0,0.0,0.0,0,0
25107,0,0.0,0.0,0.0,0.0,0,0
29602,4,1.7775500000000002,2.14,0.9049,7.110200000000001,0,0
22212,0,0.0,0.0,0.0,0.0,0,0
12268,0,0.0,0.0,0.0,0.0,0,0
24205,0,0.0,0.0,0.0,0.0,0,0
26988,2,15.094999999999999,18.5,11.69,30.189999999999998,0,0
14619,3,1.4399666666666668,1.9999,1.02,4.3199000000000005,0,0
14618,2,0.8462000000000001,0.85,0.8424,1.6924000000000001,0,0
22864,6,17.788333333333334,39.95,1.975,106.73,0,0
19971,0,0.0,0.0,0.0,0.0,0,0
16831,3,19.816666666666666,20.5,19.0,59.45,0,0
11165,0,0.0,0.0,0.0,0.0,0,0
12388,0,0.0,0.0,0.0,0.0,0,0
22174,19,9.8713605,24.49,2.35,187.5558495,0,0
17006,13,10.39835076923077,24.19,0.796,135.17856,0,0
27660,6,7.1557666666666675,14.0,3.9266,42.9346,0,0
25034,1,25.0,25.0,25.0,25.0,0,0
18656,6,3.497666666666667,5.896,2.1,20.986,0,0
19484,4,14.125,21.0,8.6,56.5,0,0
13513,1,2.0,2.0,2.0,2.0,0,0
29048,0,0.0,0.0,0.0,0.0,0,0
15326,0,0.0,0.0,0.0,0.0,0,0
28203,4,1.4875,1.95,1.0,5.95,0,0
28881,3,18.166666666666668,19.5,17.0,54.5,0,0
10580,1,17.9,17.9,17.9,17.9,0,0
29402,14,2.1254706428571426,3.5,1.4133,29.756588999999998,0,0
16518,9,3.6455444444444445,19.0,1.0399,32.8099,0,0
16253,1,20.5,20.5,20.5,20.5,0,0
26957,1,45.0,45.0,45.0,45.0,0,0
26956,4,20.75,23.0,19.0,83.0,0,0
27782,18,2.343125888888889,5.839999,0.762,42.176266,0,0
23153,0,0.0,0.0,0.0,0.0,0,0
12654,0,0.0,0.0,0.0,0.0,0,0
22696,2,18.994999999999997,21.99,16.0,37.989999999999995,0,0
29014,4,3.733475,5.0,0.001,14.9339,0,0
17010,0,0.0,0.0,0.0,0.0,0,0
29230,0,0.0,0.0,0.0,0.0,0,0
21500,2,13.844999999999999,14.69,13.0,27.689999999999998,0,0
16259,3,25.59,28.55,22.22,76.77,0,0
16258,4,27.118125012,37.0845,4.8e-08,108.472500048,0,0
29717,4,18.6175,48.0,1.15,74.47,0,0
29753,0,0.0,0.0,0.0,0.0,0,0
29752,15,3.0054466666666664,4.688,1.489,45.0817,0,0
24494,4,10.20325,22.8,2.073,40.813,0,0
12108,19,4.217573157894737,5.75,1.4589,80.13389000000001,0,0
16434,11,3.6112935818181815,20.45,1.68,39.7242294,0,0
26796,2,25.775,42.0,9.55,51.55,0,0
22098,0,0.0,0.0,0.0,0.0,0,0
18420,45,4.342876597555556,6.6969,1.82998799,195.42944689,0,0
28071,1,26.69,26.69,26.69,26.69,0,0
28070,1,9.0,9.0,9.0,9.0,0,0
10531,0,0.0,0.0,0.0,0.0,0,0
10237,0,0.0,0.0,0.0,0.0,0,0
19908,6,19.773333333333333,26.0,14.81,118.64,0,0
19804,5,1.8182000000000003,1.981,1.74,9.091000000000001,0,0
28202,3,1.6993333333333334,1.738,1.67,5.098,0,0
29126,6,6.580683333333333,27.45,2.12,39.4841,0,0
15042,4,28.99999975,50.0,12.0,115.999999,0,0
11014,4,1.1897,1.22,1.17,4.7588,0,0
20994,3,6.993333333333333,7.5,6.59,20.98,0,0
15606,0,0.0,0.0,0.0,0.0,0,0
15332,1,6.39,6.39,6.39,6.39,0,0
10116,9,1.8751111111111112,2.208,1.459,16.876,0,0
22748,21,4.979640952380953,20.0,0.99,104.57246,0,0
25106,0,0.0,0.0,0.0,0.0,0,0
28012,4,13.195,19.0,10.05,52.78,0,0
15964,0,0.0,0.0,0.0,0.0,0,0
17170,0,0.0,0.0,0.0,0.0,0,0
28754,0,0.0,0.0,0.0,0.0,0,0
20690,0,0.0,0.0,0.0,0.0,0,0
26266,0,0.0,0.0,0.0,0.0,0,0
16252,0,0.0,0.0,0.0,0.0,0,0
12230,0,0.0,0.0,0.0,0.0,0,0
25482,0,0.0,0.0,0.0,0.0,0,0
23144,0,0.0,0.0,0.0,0.0,0,0
27422,0,0.0,0.0,0.0,0.0,0,0
11287,0,0.0,0.0,0.0,0.0,0,0
12666,23,4.513238371782609,8.33,1.848996751,103.804482551,0,0
10162,0,0.0,0.0,0.0,0.0,0,0
26794,16,17.2265625,40.2,6.535,275.625,0,0
23062,3,0.8436333,0.8588999,0.83,2.5308999,0,0
13084,25,3.9942548876,6.336,1.875,99.85637219,0,0
12278,41,3.4480641509756103,5.7342,1.49799,141.37063019,0,0
10717,1,23.5,23.5,23.5,23.5,0,0
12210,50,1.922953497999999,2.45,0.85,96.14767489999994,0,0
27421,6,23.8185,35.0,14.8,142.911,0,0
10758,16,7.0521125,14.36,3.11,112.8338,0,0
24764,3,18.88,21.8,16.94,56.64,0,0
18263,2,13.145,19.5,6.79,26.29,0,0
18262,5,10.841339999999999,21.0,2.4867,54.2067,0,0
12342,0,0.0,0.0,0.0,0.0,0,0
27234,0,0.0,0.0,0.0,0.0,0,0
29102,1,13.79,13.79,13.79,13.79,0,0
25256,6,5.235,23.69,0.95,31.41,0,0
27941,2,22.35,25.7,19.0,44.7,0,0
23378,23,11.32578260826087,23.69,1.429,260.49299999,0,0
27500,29,7.644224137931035,24.0,0.885,221.6825,0,0
27872,2,1.75545,1.7609,1.75,3.5109,0,0
11149,10,2.6053,3.0,2.3,26.053,0,0
11148,6,1.5058199998333333,1.67,1.39,9.034919999,0,0
17030,0,0.0,0.0,0.0,0.0,0,0
28434,7,11.170599999999999,23.6942,5.5,78.1942,0,0
12289,0,0.0,0.0,0.0,0.0,0,0
12288,0,0.0,0.0,0.0,0.0,0,0
26848,24,7.813110587499999,13.43,0.671,187.51465409999997,0,0
11889,0,0.0,0.0,0.0,0.0,0,0
16703,0,0.0,0.0,0.0,0.0,0,0
19578,13,3.2920153692307688,9.5,0.775,42.7961998,0,0
16048,5,15.49,18.0,14.6,77.45,0,0
20692,2,17.875,18.25,17.5,35.75,0,0
28472,9,6.656211108888889,16.45,2.77,59.90589998,0,0
16268,0,0.0,0.0,0.0,0.0,0,0
14194,0,0.0,0.0,0.0,0.0,0,0
20560,4,16.865000000000002,23.0,7.48,67.46000000000001,0,0
11910,2,22.0,25.0,19.0,44.0,0,0
18152,0,0.0,0.0,0.0,0.0,0,0
26900,0,0.0,0.0,0.0,0.0,0,0
27222,0,0.0,0.0,0.0,0.0,0,0
14286,15,7.039558666666666,13.95,1.91,105.59338,0,0
14886,11,6.569472718181819,18.3,2.4262,72.26419990000001,0,0
17014,0,0.0,0.0,0.0,0.0,0,0
20115,0,0.0,0.0,0.0,0.0,0,0
19386,22,3.7352226772727275,17.0,0.89,82.1748989,0,0
25110,22,2.8432404454545455,5.71,1.8375,62.5512898,0,0
28600,32,13.37516875,16.21,2.24,428.0054,0,0
14125,0,0.0,0.0,0.0,0.0,0,0
14124,2,10.440000000000001,16.8,4.08,20.880000000000003,0,0
17304,0,0.0,0.0,0.0,0.0,0,0
13230,11,11.827990909090909,18.69,0.05,130.1079,0,0
15946,0,0.0,0.0,0.0,0.0,0,0
28496,15,8.518066653333333,14.13,0.0,127.7709998,0,0
14768,9,9.839955333333332,19.57,2.329898,88.559598,0,0
21422,0,0.0,0.0,0.0,0.0,0,0
19898,4,7.672,11.29,6.1,30.688,0,0
18368,0,0.0,0.0,0.0,0.0,0,0
16928,6,3.6758333333333333,5.18,1.995,22.055,0,0
16486,2,8.73,16.66,0.8,17.46,0,0
28869,4,11.23,22.22,5.7,44.92,0,0
29709,0,0.0,0.0,0.0,0.0,0,0
24556,14,9.661428571428571,25.9,4.75,135.26,0,0
18798,5,25.580000000000002,40.65,18.5,127.9,0,0
24046,0,0.0,0.0,0.0,0.0,0,0
15212,0,0.0,0.0,0.0,0.0,0,0
22184,0,0.0,0.0,0.0,0.0,0,0
23954,0,0.0,0.0,0.0,0.0,0,0
15640,9,9.232443333333332,14.375,5.97,83.09199,0,0
10280,14,2.3205467857142854,3.53,1.8798,32.487655,0,0
21644,0,0.0,0.0,0.0,0.0,0,0
10514,3,21.588466666666665,28.7654,17.5,64.7654,0,0
19819,2,2.63,2.8,2.46,5.26,0,0
19818,6,11.266666666666666,34.0,2.1,67.6,0,0
20021,0,0.0,0.0,0.0,0.0,0,0
20020,2,17.41,19.99,14.83,34.82,0,0
25921,0,0.0,0.0,0.0,0.0,0,0
14450,0,0.0,0.0,0.0,0.0,0,0
18097,4,10.28805,23.5,2.9622,41.1522,0,0
19790,9,10.099216777777777,15.6001,4.919,90.892951,0,0
18220,0,0.0,0.0,0.0,0.0,0,0
18221,0,0.0,0.0,0.0,0.0,0,0
13792,13,1.8894153846153847,2.76,0.95,24.5624,0,0
25855,4,14.3911,34.76,2.2044,57.5644,0,0
17152,12,8.204166666666667,19.6,4.95,98.45,0,0
29810,0,0.0,0.0,0.0,0.0,0,0
12579,3,18.633300000000002,40.0,1.9,55.8999,0,0
23560,1,2.395,2.395,2.395,2.395,0,0
11902,3,5.681699666666667,15.35,0.846,17.045099,0,0
10420,2,10.05,14.8,5.3,20.1,0,0
27606,11,2.648718181818182,3.5,2.0,29.1359,0,0
20326,10,6.2199,17.99,1.98,62.199,0,0
16094,1,14.0,14.0,14.0,14.0,0,0
14196,0,0.0,0.0,0.0,0.0,0,0
21034,0,0.0,0.0,0.0,0.0,0,0
13486,24,13.857133333333332,15.4,7.02,332.5712,0,0
26912,15,10.557712,13.65,1.9,158.36568,0,0
21315,10,3.22009,11.99,1.36,32.2009,0,0
21314,6,7.152516666666667,12.9,2.488,42.9151,0,0
15982,0,0.0,0.0,0.0,0.0,0,0
25137,6,5.888066666666667,29.99,1.0,35.3284,0,0
10587,4,3.02025,4.69,2.111,12.081,0,0
10586,3,1.8389333333333333,1.92,1.7771,5.5168,0,0
29787,0,0.0,0.0,0.0,0.0,0,0
18297,0,0.0,0.0,0.0,0.0,0,0
26788,19,6.773748947368421,9.148,1.8,128.70123,0,0
26149,0,0.0,0.0,0.0,0.0,0,0
24979,6,12.926666666666668,44.44,2.8,77.56,0,0
28156,4,2.44872125,2.49,2.412885,9.794885,0,0
23253,0,0.0,0.0,0.0,0.0,0,0
22629,0,0.0,0.0,0.0,0.0,0,0
20395,1,21.25,21.25,21.25,21.25,0,0
26102,3,5.746666666666666,5.85,5.6,17.24,0,0
24932,0,0.0,0.0,0.0,0.0,0,0
27979,0,0.0,0.0,0.0,0.0,0,0
10147,0,0.0,0.0,0.0,0.0,0,0
10146,0,0.0,0.0,0.0,0.0,0,0
12117,0,0.0,0.0,0.0,0.0,0,0
13696,0,0.0,0.0,0.0,0.0,0,0
10364,0,0.0,0.0,0.0,0.0,0,0
17900,2,18.25,19.5,17.0,36.5,0,0
26234,33,5.426096666666667,7.55,2.53,179.06119,0,0
23528,0,0.0,0.0,0.0,0.0,0,0
23417,5,10.6892,15.75,4.53,53.446,0,0
25766,0,0.0,0.0,0.0,0.0,0,0
28360,2,15.75,23.0,8.5,31.5,0,0
18752,4,9.61,19.8,5.19,38.44,0,0
18753,3,14.426666666666668,18.29,11.0,43.28,0,0
17268,0,0.0,0.0,0.0,0.0,0,0
14818,1,7.388,7.388,7.388,7.388,0,0
18680,23,2.6073868604347825,5.62,1.66,59.96989779,0,0
18681,2,2.715,2.74,2.69,5.43,0,0
10390,1,23.99,23.99,23.99,23.99,0,0
17075,5,15.518,21.5,9.3,77.59,0,0
13156,0,0.0,0.0,0.0,0.0,0,0
15327,1,18.0,18.0,18.0,18.0,0,0
15222,2,6.875,6.95,6.8,13.75,0,0
18093,5,12.3672,35.0,1.94,61.836,0,0
24120,8,6.02725,7.5,2.42,48.218,0,0
10360,16,14.286536250000001,16.22,2.95,228.58458000000002,0,0
21355,1,2.1,2.1,2.1,2.1,0,0
21354,0,0.0,0.0,0.0,0.0,0,0
15552,47,10.182214891276596,30.0,4.66,478.56409989,0,0
25780,0,0.0,0.0,0.0,0.0,0,0
18948,1,3.2,3.2,3.2,3.2,0,0
26992,17,12.920124731295083,16.29,11.38,219.6421204320164,0,0
20168,11,9.214208363636363,16.29,2.455492,101.356292,0,0
16648,0,0.0,0.0,0.0,0.0,0,0
19375,0,0.0,0.0,0.0,0.0,0,0
19080,1,17.4,17.4,17.4,17.4,0,0
27380,7,3.9745,11.0,2.0825,27.8215,0,0
29392,1,16.21,16.21,16.21,16.21,0,0
26808,1,6.5,6.5,6.5,6.5,0,0
27741,0,0.0,0.0,0.0,0.0,0,0
27740,4,15.05,20.0,10.5,60.2,0,0
29272,2,7.8597,8.8194,6.9,15.7194,0,0
25945,0,0.0,0.0,0.0,0.0,0,0
27212,4,7.9675,25.0,1.9,31.87,0,0
14738,11,4.959917854545455,26.0,1.79,54.5590964,0,0
12215,0,0.0,0.0,0.0,0.0,0,0
24944,14,15.66717142857143,16.26,13.85,219.34040000000002,0,0
21009,0,0.0,0.0,0.0,0.0,0,0
21008,0,0.0,0.0,0.0,0.0,0,0
26056,2,10.879999999999999,11.14,10.62,21.759999999999998,0,0
12074,0,0.0,0.0,0.0,0.0,0,0
12075,0,0.0,0.0,0.0,0.0,0,0
14394,15,2.926398,5.98,1.68,43.89597,0,0
27079,0,0.0,0.0,0.0,0.0,0,0
14265,0,0.0,0.0,0.0,0.0,0,0
13208,5,20.23,23.0,15.69,101.15,0,0
24804,10,12.936779999999999,17.475,2.068,129.3678,0,0
25386,3,4.8528,8.88,2.549,14.5584,0,0
16850,0,0.0,0.0,0.0,0.0,0,0
24450,0,0.0,0.0,0.0,0.0,0,0
19102,0,0.0,0.0,0.0,0.0,0,0
10576,0,0.0,0.0,0.0,0.0,0,0
20715,3,3.576333333333334,4.589,1.99,10.729000000000001,0,0
16398,8,9.5926625,19.65,1.69,76.7413,0,0
13266,47,2.426963595744681,18.42,0.872,114.067289,0,0
17258,3,0.8449666666666666,0.8499,0.84,2.5349,0,0
27141,1,1.0,1.0,1.0,1.0,0,0
11679,4,7.236525,10.5,5.0,28.9461,0,0
26049,0,0.0,0.0,0.0,0.0,0,0
27140,8,1.0504625,1.112,0.93,8.4037,0,0
26591,0,0.0,0.0,0.0,0.0,0,0
17060,2,1.59895,1.6,1.5979,3.1979,0,0
20131,0,0.0,0.0,0.0,0.0,0,0
25816,0,0.0,0.0,0.0,0.0,0,0
24650,0,0.0,0.0,0.0,0.0,0,0
14020,40,9.7580137225,15.4,1.595,390.3205489,0,0
25205,0,0.0,0.0,0.0,0.0,0,0
25204,0,0.0,0.0,0.0,0.0,0,0
14542,1,13.5,13.5,13.5,13.5,0,0
24925,0,0.0,0.0,0.0,0.0,0,0
24924,0,0.0,0.0,0.0,0.0,0,0
11552,0,0.0,0.0,0.0,0.0,0,0
27546,1,18.0,18.0,18.0,18.0,0,0
25770,1,8.0,8.0,8.0,8.0,0,0
27687,2,23.5,26.0,21.0,47.0,0,0
27686,4,14.52725,23.799,0.01,58.109,0,0
17804,1,8.0,8.0,8.0,8.0,0,0
24762,5,11.61446,23.88,2.239,58.0723,0,0
12747,4,9.41475,16.269,6.94,37.659,0,0
10849,0,0.0,0.0,0.0,0.0,0,0
10848,0,0.0,0.0,0.0,0.0,0,0
27779,0,0.0,0.0,0.0,0.0,0,0
25003,4,4.12,4.89,2.69,16.48,0,0
15519,0,0.0,0.0,0.0,0.0,0,0
15518,0,0.0,0.0,0.0,0.0,0,0
27774,3,20.463333333333335,23.6,15.8,61.39,0,0
26460,1,16.25,16.25,16.25,16.25,0,0
18388,7,2.3316142857142856,2.62,2.07,16.3213,0,0
12861,0,0.0,0.0,0.0,0.0,0,0
12860,0,0.0,0.0,0.0,0.0,0,0
17288,17,5.119105882294117,18.54,2.05,87.024799999,0,0
22903,1,33.0,33.0,33.0,33.0,0,0
21551,6,7.9366666666666665,13.45,5.0,47.62,0,0
19404,1,20.0,20.0,20.0,20.0,0,0
23734,0,0.0,0.0,0.0,0.0,0,0
17832,0,0.0,0.0,0.0,0.0,0,0
17956,1,23.0,23.0,23.0,23.0,0,0
27843,3,23.563333333333333,29.69,18.5,70.69,0,0
27842,2,19.5,20.0,19.0,39.0,0,0
27883,9,11.47995,23.0,1.39,103.31955,0,0
27882,4,17.9875,23.0,13.2,71.95,0,0
