identifier,transaction_count,avg_price_eth,max_price_eth,min_price_eth,total_volume_eth,unique_buyers,unique_sellers
9995,0,0.0,0.0,0.0,0.0,0,0
9978,0,0.0,0.0,0.0,0.0,0,0
9991,0,0.0,0.0,0.0,0.0,0,0
9997,1,99.99,99.99,99.99,99.99,0,0
9961,1,0.41,0.41,0.41,0.41,0,0
9986,0,0.0,0.0,0.0,0.0,0,0
9993,3,48.39333333333334,58.49,33.69,145.18,0,0
9982,4,108.0,149.0,70.0,432.0,0,0
9976,4,15.547500000000001,59.99,0.25,62.190000000000005,0,0
9970,7,26.17142857142857,50.0,0.5,183.2,0,0
9960,0,0.0,0.0,0.0,0.0,0,0
9953,1,399.69,399.69,399.69,399.69,0,0
9981,2,55.245000000000005,55.5,54.99,110.49000000000001,0,0
9966,1,2.768,2.768,2.768,2.768,0,0
9987,2,46.975,64.0,29.95,93.95,0,0
9959,0,0.0,0.0,0.0,0.0,0,0
9956,2,51.19,55.5,46.88,102.38,0,0
9994,0,0.0,0.0,0.0,0.0,0,0
9988,0,0.0,0.0,0.0,0.0,0,0
9989,1,0.3,0.3,0.3,0.3,0,0
9996,0,0.0,0.0,0.0,0.0,0,0
9980,6,39.53,56.0,29.0,237.18,0,0
9977,0,0.0,0.0,0.0,0.0,0,0
9958,4,62.9475,80.0,23.99,251.79,0,0
9965,1,0.29,0.29,0.29,0.29,0,0
9985,1,41.0,41.0,41.0,41.0,0,0
9963,2,5.575,11.0,0.15,11.15,0,0
9973,2,32.475,49.1,15.85,64.95,0,0
9974,1,10.0,10.0,10.0,10.0,0,0
9990,3,36.15000293333333,83.95,8.8e-06,108.4500088,0,0
9979,2,3.0,5.0,1.0,6.0,0,0
9971,1,24.0,24.0,24.0,24.0,0,0
9975,3,40.97666666666667,47.95,30.0,122.93,0,0
9968,1,58.0,58.0,58.0,58.0,0,0
9954,4,63.870000000000005,66.58,60.5,255.48000000000002,0,0
9983,0,0.0,0.0,0.0,0.0,0,0
9969,3,24.650000000000002,44.4,0.25,73.95,0,0
9957,0,0.0,0.0,0.0,0.0,0,0
9964,4,68.2075,79.0,61.0,272.83,0,0
9967,7,63.58428571428572,82.0,50.0,445.09000000000003,0,0
9998,3,54.333333333333336,110.0,15.0,163.0,0,0
9984,0,0.0,0.0,0.0,0.0,0,0
9955,1,10.0,10.0,10.0,10.0,0,0
9972,4,36.735,74.95,1.0,146.94,0,0
9999,0,0.0,0.0,0.0,0.0,0,0
9962,2,41.5,50.0,33.0,83.0,0,0
9992,1,47.5,47.5,47.5,47.5,0,0
9924,5,2.3739999999999997,4.0,0.59,11.87,0,0
9910,8,36.8175,74.69,0.12,294.54,0,0
9916,2,17.475,34.0,0.95,34.95,0,0
9934,2,36.995,55.0,18.99,73.99,0,0
9950,0,0.0,0.0,0.0,0.0,0,0
9944,0,0.0,0.0,0.0,0.0,0,0
9905,5,53.172000000000004,102.0,22.0,265.86,0,0
9951,3,102.33,179.99,62.0,306.99,0,0
9928,1,0.1,0.1,0.1,0.1,0,0
9911,1,99.11,99.11,99.11,99.11,0,0
9933,6,13.413333333333334,28.3,0.3,80.48,0,0
9917,0,0.0,0.0,0.0,0.0,0,0
9947,7,27.40414285714286,120.0,1.999,191.829,0,0
9941,0,0.0,0.0,0.0,0.0,0,0
9922,6,37.748333333333335,177.77,1.2,226.49,0,0
9940,0,0.0,0.0,0.0,0.0,0,0
9935,4,26.625,64.0,12.0,106.5,0,0
9908,0,0.0,0.0,0.0,0.0,0,0
9912,10,58.789,166.0,1.0,587.89,0,0
9907,5,38.78,120.0,0.9,193.9,0,0
9915,4,46.8125,96.9,0.1,187.25,0,0
9946,0,0.0,0.0,0.0,0.0,0,0
9927,1,30.0,30.0,30.0,30.0,0,0
9921,2,0.895,1.0,0.79,1.79,0,0
9929,4,1.4075,3.0,0.59,5.63,0,0
9938,5,20.964000000000002,48.0,0.3,104.82000000000001,0,0
9930,0,0.0,0.0,0.0,0.0,0,0
9913,10,52.39,107.0,0.11,523.9,0,0
9932,2,75.75,76.5,75.0,151.5,0,0
9943,3,92.83333333333333,185.0,0.5,278.5,0,0
9904,1,5.0,5.0,5.0,5.0,0,0
9937,0,0.0,0.0,0.0,0.0,0,0
9906,0,0.0,0.0,0.0,0.0,0,0
9920,5,15.3,32.0,0.25,76.5,0,0
9942,1,48.0,48.0,48.0,48.0,0,0
9903,6,56.43833333333333,94.95,23.99,338.63,0,0
9926,4,21.67275,85.0,0.001,86.691,0,0
9925,0,0.0,0.0,0.0,0.0,0,0
9936,0,0.0,0.0,0.0,0.0,0,0
9914,1,0.1,0.1,0.1,0.1,0,0
9909,1,50.0,50.0,50.0,50.0,0,0
9952,2,228.19,388.88,67.5,456.38,0,0
9923,2,3.5,7.0,1.23e-16,7.0,0,0
9948,1,0.7,0.7,0.7,0.7,0,0
9949,0,0.0,0.0,0.0,0.0,0,0
9931,2,62.7,125.0,0.4,125.4,0,0
9919,1,0.1,0.1,0.1,0.1,0,0
9939,1,0.39,0.39,0.39,0.39,0,0
9945,0,0.0,0.0,0.0,0.0,0,0
9918,0,0.0,0.0,0.0,0.0,0,0
9863,9,44.87,94.0,0.2,403.83,0,0
9870,1,0.4,0.4,0.4,0.4,0,0
9858,0,0.0,0.0,0.0,0.0,0,0
9875,2,0.085,0.1,0.07,0.17,0,0
9883,0,0.0,0.0,0.0,0.0,0,0
9891,8,48.917227057515895,75.0,22.49999,391.33781646012716,0,0
9882,0,0.0,0.0,0.0,0.0,0,0
9869,0,0.0,0.0,0.0,0.0,0,0
9878,1,10.0,10.0,10.0,10.0,0,0
9865,6,71.69,144.4,25.5,430.14,0,0
9856,6,12.106666666666667,25.99,0.2,72.64,0,0
9888,0,0.0,0.0,0.0,0.0,0,0
9881,9,27.19321111111111,42.0,0.25,244.7389,0,0
9853,2,51.745,75.0,28.49,103.49,0,0
9874,3,20.063333333333336,49.99,0.2,60.190000000000005,0,0
9890,3,63.21666666666666,96.96,23.0,189.64999999999998,0,0
9887,2,0.71,1.3,0.12,1.42,0,0
9877,2,72.95,89.9,56.0,145.9,0,0
9897,0,0.0,0.0,0.0,0.0,0,0
9902,1,22.0,22.0,22.0,22.0,0,0
9864,1,0.16,0.16,0.16,0.16,0,0
9880,1,0.1,0.1,0.1,0.1,0,0
9867,0,0.0,0.0,0.0,0.0,0,0
9879,2,25.0,26.0,24.0,50.0,0,0
9871,2,7.675,14.0,1.35,15.35,0,0
9899,4,51.8675,85.0,25.99,207.47,0,0
9901,2,81.0,120.0,42.0,162.0,0,0
9884,7,22.58142857142857,49.95,0.89,158.07,0,0
9898,1,0.41,0.41,0.41,0.41,0,0
9885,4,22.56,30.0,17.99,90.24,0,0
9860,3,59.42666666666667,175.0,1.41,178.28,0,0
9886,2,1.04,2.0,0.08,2.08,0,0
9900,3,18.156666666666666,22.49,15.49,54.47,0,0
9866,1,65.5,65.5,65.5,65.5,0,0
9855,9,36.14555555555555,63.5,0.11,325.31,0,0
9876,1,0.5050037064492217,0.5050037064492217,0.5050037064492217,0.5050037064492217,0,0
9872,2,83.5,99.0,68.0,167.0,0,0
9862,7,39.91571428571429,95.01,0.12,279.41,0,0
9892,0,0.0,0.0,0.0,0.0,0,0
9895,2,13.725,26.0,1.45,27.45,0,0
9893,2,124.95,159.9,90.0,249.9,0,0
9894,0,0.0,0.0,0.0,0.0,0,0
9857,1,72.0,72.0,72.0,72.0,0,0
9859,5,44.272000000000006,128.0,0.11,221.36,0,0
9873,5,70.336,111.0,0.49,351.68,0,0
9854,0,0.0,0.0,0.0,0.0,0,0
9896,0,0.0,0.0,0.0,0.0,0,0
9868,4,78.575,116.0,21.0,314.3,0,0
9861,2,0.545,0.99,0.1,1.09,0,0
9889,0,0.0,0.0,0.0,0.0,0,0
9845,3,97.96,125.0,80.0,293.88,0,0
9825,1,38.0,38.0,38.0,38.0,0,0
9811,1,25.0,25.0,25.0,25.0,0,0
9806,4,53.6725,58.69,47.0,214.69,0,0
9819,0,0.0,0.0,0.0,0.0,0,0
9843,3,102.66666666666667,159.0,1.0,308.0,0,0
9839,2,34.839999999999996,39.69,29.99,69.67999999999999,0,0
9804,0,0.0,0.0,0.0,0.0,0,0
9828,7,58.77428571428572,135.0,1.2,411.42,0,0
9835,2,79.495,108.99,50.0,158.99,0,0
9833,3,15.766666666666666,45.0,0.3,47.3,0,0
9842,10,69.926,89.99,33.0,699.26,0,0
9810,5,28.874000000000002,48.9,0.59,144.37,0,0
9841,4,36.8275,87.0,6.5,147.31,0,0
9850,1,0.1,0.1,0.1,0.1,0,0
9832,1,66.66,66.66,66.66,66.66,0,0
9826,0,0.0,0.0,0.0,0.0,0,0
9822,0,0.0,0.0,0.0,0.0,0,0
9829,1,60.0,60.0,60.0,60.0,0,0
9812,1,1.0,1.0,1.0,1.0,0,0
9818,0,0.0,0.0,0.0,0.0,0,0
9834,3,19.743333333333336,27.98,8.25,59.230000000000004,0,0
9847,2,12.069999999999999,23.99,0.15,24.139999999999997,0,0
9851,7,70.68714285714286,139.88,24.5,494.81,0,0
9814,1,0.28,0.28,0.28,0.28,0,0
9844,5,173.6,269.0,120.0,868.0,0,0
9808,1,109.0,109.0,109.0,109.0,0,0
9827,1,40.0,40.0,40.0,40.0,0,0
9848,3,198.51666666666665,380.0,65.55,595.55,0,0
9837,3,56.65333333333333,60.0,51.98,169.95999999999998,0,0
9821,1,5.81,5.81,5.81,5.81,0,0
9852,0,0.0,0.0,0.0,0.0,0,0
9849,6,77.63333333333334,165.0,33.3,465.8,0,0
9836,2,16.5,32.5,0.5,33.0,0,0
9823,0,0.0,0.0,0.0,0.0,0,0
9817,4,54.81,80.0,0.29,219.24,0,0
9805,5,3.174,5.6,1.0,15.87,0,0
9816,5,47.55,65.0,31.0,237.75,0,0
9838,0,0.0,0.0,0.0,0.0,0,0
9830,0,0.0,0.0,0.0,0.0,0,0
9803,0,0.0,0.0,0.0,0.0,0,0
9840,8,41.495,76.97,14.0,331.96,0,0
9820,2,74.465,79.95,68.98,148.93,0,0
9813,2,38.995000000000005,44.99,33.0,77.99000000000001,0,0
9807,0,0.0,0.0,0.0,0.0,0,0
9815,6,33.53666666666667,77.77,0.3,201.22,0,0
9846,4,14.385,49.99,0.85,57.54,0,0
9831,0,0.0,0.0,0.0,0.0,0,0
9824,0,0.0,0.0,0.0,0.0,0,0
9809,5,119.01399999999998,161.0,97.99,595.0699999999999,0,0
9790,3,56.23,66.69,47.0,168.69,0,0
9794,1,0.5,0.5,0.5,0.5,0,0
9789,1,80.0,80.0,80.0,80.0,0,0
9800,0,0.0,0.0,0.0,0.0,0,0
9782,0,0.0,0.0,0.0,0.0,0,0
9770,9,28.582222222222224,61.98,1.2,257.24,0,0
9753,2,23.225,23.45,23.0,46.45,0,0
9777,0,0.0,0.0,0.0,0.0,0,0
9771,2,74.845,84.69,65.0,149.69,0,0
9801,1,65.5,65.5,65.5,65.5,0,0
9778,2,225.0,300.0,150.0,450.0,0,0
9758,4,55.9225,65.0,51.75,223.69,0,0
9787,5,22.186,40.95,0.2,110.93,0,0
9775,4,56.53,135.0,0.5,226.12,0,0
9765,8,51.540625,74.5,0.725,412.325,0,0
9773,5,55.467999999999996,87.0,0.35,277.34,0,0
9764,9,74.14444444444445,132.0,0.4,667.3,0,0
9772,1,0.09,0.09,0.09,0.09,0,0
9768,8,37.45125,76.5,0.25,299.61,0,0
9795,4,26.3725,31.9,21.99,105.49,0,0
9788,3,68.23,90.0,52.69,204.69,0,0
9796,0,0.0,0.0,0.0,0.0,0,0
9781,7,45.47714285714285,117.0,0.69,318.34,0,0
9785,1,0.3,0.3,0.3,0.3,0,0
9766,1,35.0,35.0,35.0,35.0,0,0
9759,3,14.776666666666666,23.0,0.34,44.33,0,0
9779,2,54.44,58.88,50.0,108.88,0,0
9776,5,0.252,0.66,1e-16,1.26,0,0
9791,6,33.14333333333334,77.5,0.4,198.86,0,0
9754,2,100.0,120.0,80.0,200.0,0,0
9756,0,0.0,0.0,0.0,0.0,0,0
9761,0,0.0,0.0,0.0,0.0,0,0
9797,2,118.985,140.0,97.97,237.97,0,0
9798,3,41.949999999999996,65.75,0.1,125.85,0,0
9786,0,0.0,0.0,0.0,0.0,0,0
9784,0,0.0,0.0,0.0,0.0,0,0
9783,2,86.495,87.99,85.0,172.99,0,0
9757,0,0.0,0.0,0.0,0.0,0,0
9780,6,53.596666666666664,100.0,0.1,321.58,0,0
9774,1,120.0,120.0,120.0,120.0,0,0
9755,1,0.31,0.31,0.31,0.31,0,0
9762,2,52.620000000000005,58.99,46.25,105.24000000000001,0,0
9760,2,48.5,58.0,39.0,97.0,0,0
9769,0,0.0,0.0,0.0,0.0,0,0
9792,1,70.0,70.0,70.0,70.0,0,0
9763,14,44.56651555418348,75.88,12.12,623.9312177585688,0,0
9799,0,0.0,0.0,0.0,0.0,0,0
9802,0,0.0,0.0,0.0,0.0,0,0
9767,9,59.75888888888889,137.0,0.61,537.83,0,0
9793,5,6.858,24.99,0.9,34.29,0,0
9705,4,36.2,47.5,17.0,144.8,0,0
9728,0,0.0,0.0,0.0,0.0,0,0
9712,0,0.0,0.0,0.0,0.0,0,0
9737,1,48.0,48.0,48.0,48.0,0,0
9704,2,0.3,0.3,0.3,0.6,0,0
9726,5,22.985999999999997,77.77,1.19,114.92999999999999,0,0
9723,2,64.5,83.0,46.0,129.0,0,0
9725,2,89.5,99.0,80.0,179.0,0,0
9717,3,24.833333333333332,39.5,6.0,74.5,0,0
9729,0,0.0,0.0,0.0,0.0,0,0
9710,4,35.125,75.0,0.5,140.5,0,0
9750,2,42.995,79.99,6.0,85.99,0,0
9733,0,0.0,0.0,0.0,0.0,0,0
9748,4,67.9425,73.0,64.99,271.77,0,0
9732,2,42.55,85.0,0.1,85.1,0,0
9720,6,15.856666666666667,22.99,5.04,95.14,0,0
9709,2,61.0,90.0,32.0,122.0,0,0
9746,1,0.5,0.5,0.5,0.5,0,0
9708,10,7.677,24.25,0.22,76.77,0,0
9744,4,14.159975,20.99,1.15,56.6399,0,0
9706,1,0.2,0.2,0.2,0.2,0,0
9735,5,39.136,48.8,8.15,195.68,0,0
9724,6,51.065,99.99,0.2,306.39,0,0
9727,1,27.35,27.35,27.35,27.35,0,0
9741,1,44.8,44.8,44.8,44.8,0,0
9715,2,38.25,75.0,1.5,76.5,0,0
9722,5,12.292,50.0,1.0,61.46,0,0
9731,1,21.49,21.49,21.49,21.49,0,0
9734,0,0.0,0.0,0.0,0.0,0,0
9752,6,68.99833333333333,135.99,12.5,413.99,0,0
9713,4,40.785,78.99,1.2,163.14,0,0
9730,3,15.646666666666667,23.8,0.92,46.94,0,0
9751,1,0.98,0.98,0.98,0.98,0,0
9711,0,0.0,0.0,0.0,0.0,0,0
9747,5,30.244,52.25,13.0,151.22,0,0
9742,0,0.0,0.0,0.0,0.0,0,0
9739,0,0.0,0.0,0.0,0.0,0,0
9719,6,30.356666666666666,52.69,0.18,182.14,0,0
9745,0,0.0,0.0,0.0,0.0,0,0
9714,5,48.160000000000004,53.9,36.0,240.8,0,0
9721,5,76.476,88.88,62.5,382.38,0,0
9740,1,21.99,21.99,21.99,21.99,0,0
9738,0,0.0,0.0,0.0,0.0,0,0
9703,1,2.5,2.5,2.5,2.5,0,0
9707,1,18.5,18.5,18.5,18.5,0,0
9716,4,36.22,78.88,0.6,144.88,0,0
9743,0,0.0,0.0,0.0,0.0,0,0
9736,4,91.0,99.0,85.0,364.0,0,0
9718,3,72.73333333333333,85.0,51.2,218.2,0,0
9749,5,167.4,317.0,47.0,837.0,0,0
9672,0,0.0,0.0,0.0,0.0,0,0
9701,1,45.0,45.0,45.0,45.0,0,0
9682,2,69.36,72.72,66.0,138.72,0,0
9689,3,65.16666666666667,89.95,20.6,195.5,0,0
9691,5,42.878,65.5,0.29,214.39,0,0
9657,1,0.04,0.04,0.04,0.04,0,0
9698,0,0.0,0.0,0.0,0.0,0,0
9659,6,52.475,111.0,33.99,314.85,0,0
9677,1,0.05,0.05,0.05,0.05,0,0
9684,8,79.60758625,151.5,0.2,636.86069,0,0
9668,5,38.093360000000004,48.0,33.9668,190.4668,0,0
9673,9,43.24111111111111,77.77,20.0,389.17,0,0
9679,1,0.05100050000300001,0.05100050000300001,0.05100050000300001,0.05100050000300001,0,0
9686,6,24.665000000000003,55.0,0.6,147.99,0,0
9669,5,36.5,125.0,0.1,182.5,0,0
9681,1,25.0,25.0,25.0,25.0,0,0
9653,0,0.0,0.0,0.0,0.0,0,0
9692,4,35.3,125.0,0.25,141.2,0,0
9660,4,18.075,19.5,16.3,72.3,0,0
9697,6,25.028333333333332,120.0,0.3,150.17,0,0
9680,1,46.01,46.01,46.01,46.01,0,0
9696,7,129.68,175.0,96.96,907.76,0,0
9699,0,0.0,0.0,0.0,0.0,0,0
9685,4,49.46,71.0,39.0,197.84,0,0
9683,9,29.914444444444445,99.0,1.5,269.23,0,0
9688,1,0.05100050000300001,0.05100050000300001,0.05100050000300001,0.05100050000300001,0,0
9655,5,6.254,25.0,0.05,31.27,0,0
9666,1,3.0,3.0,3.0,3.0,0,0
9671,8,55.10375,145.55,0.25,440.83,0,0
9665,11,31.279999999999998,75.0,0.22,344.08,0,0
9695,5,44.501999999999995,74.93,0.1,222.51,0,0
9656,7,61.70842857142857,95.99,3.429,431.959,0,0
9690,7,29.18857142857143,99.99,0.15,204.32,0,0
9687,1,23.95,23.95,23.95,23.95,0,0
9664,1,0.08,0.08,0.08,0.08,0,0
9658,5,32.0402,115.0,2.561,160.201,0,0
9676,0,0.0,0.0,0.0,0.0,0,0
9694,0,0.0,0.0,0.0,0.0,0,0
9662,8,41.066250000000004,64.95,0.32,328.53000000000003,0,0
9670,3,23.66333333333333,32.0,9.0,70.99,0,0
9675,4,25.635,52.0,0.55,102.54,0,0
9667,4,60.72,98.69,20.0,242.88,0,0
9700,0,0.0,0.0,0.0,0.0,0,0
9674,4,38.7475,70.0,0.5,154.99,0,0
9693,1,0.5,0.5,0.5,0.5,0,0
9661,4,30.29335,47.69,0.4834,121.1734,0,0
9678,7,42.36857142857143,148.0,0.35,296.58,0,0
9663,8,52.13,73.0,25.0,417.04,0,0
9654,2,115.0,187.0,43.0,230.0,0,0
9702,0,0.0,0.0,0.0,0.0,0,0
9603,4,69.7475,79.95,62.66,278.99,0,0
9614,0,0.0,0.0,0.0,0.0,0,0
9646,0,0.0,0.0,0.0,0.0,0,0
9629,0,0.0,0.0,0.0,0.0,0,0
9637,2,2.925,5.6,0.25,5.85,0,0
9635,1,45.15,45.15,45.15,45.15,0,0
9626,1,1.234,1.234,1.234,1.234,0,0
9618,3,16.206666666666667,48.0,0.1,48.62,0,0
9627,2,4.375,8.45,0.3,8.75,0,0
9644,4,1.5725,3.49,0.35,6.29,0,0
9610,9,54.62111111111111,135.0,0.15,491.59000000000003,0,0
9643,0,0.0,0.0,0.0,0.0,0,0
9608,8,30.6625,63.9,0.25,245.3,0,0
9631,3,24.33,27.0,22.99,72.99,0,0
9630,3,1.6666666666666667,3.0,0.8,5.0,0,0
9615,1,0.05000000000000001,0.05000000000000001,0.05000000000000001,0.05000000000000001,0,0
9641,2,84.705,130.0,39.41,169.41,0,0
9620,6,45.73333333333333,68.0,15.0,274.4,0,0
9624,1,5.87,5.87,5.87,5.87,0,0
9613,2,39.5505,79.001,0.1,79.101,0,0
9632,2,0.33999999999999997,0.38,0.3,0.6799999999999999,0,0
9612,3,165.66666666666666,250.0,52.0,497.0,0,0
9611,3,149.46,288.0,0.38,448.38,0,0
9639,0,0.0,0.0,0.0,0.0,0,0
9636,1,0.35,0.35,0.35,0.35,0,0
9650,2,138.5,169.0,108.0,277.0,0,0
9619,2,0.395,0.49,0.3,0.79,0,0
9648,0,0.0,0.0,0.0,0.0,0,0
9622,8,38.99875,75.0,0.65,311.99,0,0
9606,4,35.09475,83.72,0.99,140.379,0,0
9607,0,0.0,0.0,0.0,0.0,0,0
9634,3,31.66,47.5,0.48,94.98,0,0
9621,0,0.0,0.0,0.0,0.0,0,0
9605,0,0.0,0.0,0.0,0.0,0,0
9649,2,66.0,69.0,63.0,132.0,0,0
9642,0,0.0,0.0,0.0,0.0,0,0
9609,5,49.67,65.0,25.9,248.35,0,0
9652,5,41.118,79.0,1.6,205.59,0,0
9640,0,0.0,0.0,0.0,0.0,0,0
9645,1,0.05,0.05,0.05,0.05,0,0
9623,0,0.0,0.0,0.0,0.0,0,0
9638,1,1.71,1.71,1.71,1.71,0,0
9651,5,64.624,99.0,0.12,323.12,0,0
9628,2,45.5,70.0,21.0,91.0,0,0
9617,9,26.79222222222222,78.95,0.75,241.13,0,0
9625,5,31.65,49.9,0.4,158.25,0,0
9604,1,0.1,0.1,0.1,0.1,0,0
9647,3,48.59,138.97,3.3,145.77,0,0
9633,2,0.2425,0.3,0.185,0.485,0,0
9616,1,27.5,27.5,27.5,27.5,0,0
9577,4,89.1225,122.0,0.49,356.49,0,0
9586,0,0.0,0.0,0.0,0.0,0,0
9594,3,38.333333333333336,62.0,11.0,115.0,0,0
9588,2,34.045,34.1,33.99,68.09,0,0
9555,3,0.47666666666666674,0.64,0.25,1.4300000000000002,0,0
9582,0,0.0,0.0,0.0,0.0,0,0
9559,0,0.0,0.0,0.0,0.0,0,0
9560,1,0.7,0.7,0.7,0.7,0,0
9554,0,0.0,0.0,0.0,0.0,0,0
9585,1,51.35,51.35,51.35,51.35,0,0
9568,3,74.32333333333334,84.98,68.99,222.97,0,0
9564,3,3.266666666666667,8.99,0.31,9.8,0,0
9571,5,24.764,69.69,0.03,123.82,0,0
9572,5,64.588,99.95,38.0,322.94,0,0
9567,8,34.355,54.99,0.35,274.84,0,0
9601,1,24.8,24.8,24.8,24.8,0,0
9599,4,61.75,85.0,28.0,247.0,0,0
9569,0,0.0,0.0,0.0,0.0,0,0
9600,0,0.0,0.0,0.0,0.0,0,0
9591,1,0.33,0.33,0.33,0.33,0,0
9566,1,0.14,0.14,0.14,0.14,0,0
9597,0,0.0,0.0,0.0,0.0,0,0
9592,0,0.0,0.0,0.0,0.0,0,0
9574,0,0.0,0.0,0.0,0.0,0,0
9558,3,24.333333333333332,25.0,24.0,73.0,0,0
9570,5,50.394,100.0,30.97,251.97,0,0
9595,1,95.95,95.95,95.95,95.95,0,0
9563,1,0.31,0.31,0.31,0.31,0,0
9584,0,0.0,0.0,0.0,0.0,0,0
9587,0,0.0,0.0,0.0,0.0,0,0
9575,2,63.489999999999995,67.99,58.99,126.97999999999999,0,0
9581,7,35.31285714285714,58.0,17.0,247.19,0,0
9557,0,0.0,0.0,0.0,0.0,0,0
9583,0,0.0,0.0,0.0,0.0,0,0
9562,9,76.33222222222223,103.0,0.5,686.99,0,0
9598,4,56.3,95.0,16.25,225.2,0,0
9578,3,55.31,93.33,36.0,165.93,0,0
9579,0,0.0,0.0,0.0,0.0,0,0
9593,0,0.0,0.0,0.0,0.0,0,0
9565,1,0.4,0.4,0.4,0.4,0,0
9602,2,47.489999999999995,74.99,19.99,94.97999999999999,0,0
9590,0,0.0,0.0,0.0,0.0,0,0
9573,0,0.0,0.0,0.0,0.0,0,0
9589,6,37.48166666666666,73.99,0.3,224.89,0,0
9556,0,0.0,0.0,0.0,0.0,0,0
9580,5,88.15,144.0,2.5,440.75,0,0
9553,0,0.0,0.0,0.0,0.0,0,0
9596,0,0.0,0.0,0.0,0.0,0,0
9561,5,2.964,12.0,0.25,14.82,0,0
9576,2,0.12,0.18,0.06,0.24,0,0
9514,5,47.694,149.99,0.7,238.47,0,0
9532,7,67.61142857142858,145.0,15.75,473.28000000000003,0,0
9530,3,100.35333333333334,299.0,0.41,301.06,0,0
9507,12,28.80666666666667,112.0,0.25,345.68,0,0
9510,7,60.66714285714285,129.66,2.53,424.66999999999996,0,0
9508,9,55.86555555555555,102.95,23.99,502.78999999999996,0,0
9519,2,65.985,67.48,64.49,131.97,0,0
9536,4,69.37,87.5,59.99,277.48,0,0
9550,5,40.788,56.95,24.0,203.94,0,0
9527,2,49.49,74.98,24.0,98.98,0,0
9542,5,67.58,108.0,39.95,337.9,0,0
9524,0,0.0,0.0,0.0,0.0,0,0
9517,1,68.0,68.0,68.0,68.0,0,0
9518,5,22.072,42.93,0.25,110.36,0,0
9540,5,48.22,105.0,16.16,241.1,0,0
9541,5,27.815999999999995,54.98,0.05,139.07999999999998,0,0
9526,0,0.0,0.0,0.0,0.0,0,0
9503,0,0.0,0.0,0.0,0.0,0,0
9534,0,0.0,0.0,0.0,0.0,0,0
9512,3,2.316666666666667,4.2,0.25,6.95,0,0
9551,0,0.0,0.0,0.0,0.0,0,0
9531,0,0.0,0.0,0.0,0.0,0,0
9544,3,82.83333333333333,110.0,60.0,248.5,0,0
9537,6,55.08166666666667,89.99,36.0,330.49,0,0
9528,8,30.9043625125,51.8,18.0,247.2349001,0,0
9546,3,53.89666666666667,86.69,20.0,161.69,0,0
9523,1,1.0,1.0,1.0,1.0,0,0
9529,0,0.0,0.0,0.0,0.0,0,0
9513,4,88.08,350.0,0.14,352.32,0,0
9521,3,16.2,27.0,0.3,48.6,0,0
9516,4,46.961680153854445,48.98,45.95,187.84672061541778,0,0
9515,4,45.5625,70.0,2.25,182.25,0,0
9549,0,0.0,0.0,0.0,0.0,0,0
9509,2,37.65,75.0,0.3,75.3,0,0
9552,1,24.99,24.99,24.99,24.99,0,0
9547,5,30.248,45.99,25.01,151.24,0,0
9520,2,0.42,0.59,0.25,0.84,0,0
9533,2,85.45,85.9,85.0,170.9,0,0
9545,1,0.1,0.1,0.1,0.1,0,0
9539,9,28.89,47.0,0.15,260.01,0,0
9535,2,1.975,3.42,0.53,3.95,0,0
9548,5,63.97998,122.0,22.9999,319.8999,0,0
9505,5,15.069999999999999,21.0,4.75,75.35,0,0
9543,6,89.165,135.0,12.99,534.99,0,0
9525,1,29.99,29.99,29.99,29.99,0,0
9504,2,70.8,74.94,66.66,141.6,0,0
9538,4,64.795,98.99,32.69,259.18,0,0
9522,3,130.66666666666666,159.0,88.0,392.0,0,0
9511,5,60.896,120.0,34.0,304.48,0,0
9506,4,33.7475,49.99,14.0,134.99,0,0
9466,0,0.0,0.0,0.0,0.0,0,0
9469,4,70.37,76.48,62.5,281.48,0,0
9481,2,52.34,69.69,34.99,104.68,0,0
9500,3,32.73,98.0,6e-17,98.19,0,0
9457,0,0.0,0.0,0.0,0.0,0,0
9475,5,55.726,67.0,45.5,278.63,0,0
9453,4,19.22625,75.8,0.295,76.905,0,0
9464,2,37.3,74.5,0.1,74.6,0,0
9476,4,189.375,370.0,55.0,757.5,0,0
9460,6,57.080000000000005,81.0,0.48,342.48,0,0
9496,3,49.65,59.0,40.0,148.95,0,0
9455,2,12.0,14.0,10.0,24.0,0,0
9486,0,0.0,0.0,0.0,0.0,0,0
9490,5,6.0200000000000005,19.0,0.35,30.1,0,0
9454,1,0.69,0.69,0.69,0.69,0,0
9467,6,62.656666666666666,99.99,10.5,375.94,0,0
9472,3,56.73,69.0,50.5,170.19,0,0
9473,0,0.0,0.0,0.0,0.0,0,0
9493,5,48.694,71.99,27.5,243.47,0,0
9502,4,10.48,29.88,0.1,41.92,0,0
9470,0,0.0,0.0,0.0,0.0,0,0
9484,0,0.0,0.0,0.0,0.0,0,0
9471,0,0.0,0.0,0.0,0.0,0,0
9477,1,0.295,0.295,0.295,0.295,0,0
9458,4,3.765,13.99,0.35,15.06,0,0
9488,3,104.29666666666667,145.0,42.9,312.89,0,0
9498,2,43.375,50.0,36.75,86.75,0,0
9482,0,0.0,0.0,0.0,0.0,0,0
9497,0,0.0,0.0,0.0,0.0,0,0
9459,2,62.0,93.0,31.0,124.0,0,0
9463,2,68.975,134.0,3.95,137.95,0,0
9492,1,0.05000000000000001,0.05000000000000001,0.05000000000000001,0.05000000000000001,0,0
9483,1,42.49,42.49,42.49,42.49,0,0
9480,2,32.475,33.45,31.5,64.95,0,0
9501,0,0.0,0.0,0.0,0.0,0,0
9461,9,43.88777777777778,177.0,0.25,394.99,0,0
9465,6,30.623333333333335,77.69,0.5,183.74,0,0
9495,1,55.0,55.0,55.0,55.0,0,0
9462,3,10.776666666666666,23.0,0.45,32.33,0,0
9478,7,88.16142857142857,164.99,0.45,617.13,0,0
9485,0,0.0,0.0,0.0,0.0,0,0
9468,6,24.39,58.75,0.25,146.34,0,0
9494,5,62.17999999999999,100.0,9.4,310.9,0,0
9456,6,60.74666666666667,142.0,16.5,364.48,0,0
9474,0,0.0,0.0,0.0,0.0,0,0
9487,0,0.0,0.0,0.0,0.0,0,0
9491,7,45.970000000000006,75.45,0.1,321.79,0,0
9489,0,0.0,0.0,0.0,0.0,0,0
9479,3,12.049999999999999,35.0,0.4,36.15,0,0
9499,0,0.0,0.0,0.0,0.0,0,0
9442,2,31.075,47.5,14.65,62.15,0,0
9411,1,0.295,0.295,0.295,0.295,0,0
9405,3,52.666666666666664,64.0,34.0,158.0,0,0
9407,4,2.6999999999999997,9.6,0.35,10.799999999999999,0,0
9444,2,81.095,129.69,32.5,162.19,0,0
9409,4,54.165,108.0,26.49,216.66,0,0
9418,1,139.0,139.0,139.0,139.0,0,0
9437,1,0.05000000000000001,0.05000000000000001,0.05000000000000001,0.05000000000000001,0,0
9451,1,27.0,27.0,27.0,27.0,0,0
9424,0,0.0,0.0,0.0,0.0,0,0
9448,1,4.99,4.99,4.99,4.99,0,0
9408,2,19.625,21.75,17.5,39.25,0,0
9430,5,29.47,84.88,0.6,147.35,0,0
9414,1,17.99,17.99,17.99,17.99,0,0
9452,1,0.25,0.25,0.25,0.25,0,0
9429,0,0.0,0.0,0.0,0.0,0,0
9440,1,20.0,20.0,20.0,20.0,0,0
9443,2,169.75,240.0,99.5,339.5,0,0
9432,1,24.99,24.99,24.99,24.99,0,0
9415,1,5e-05,5e-05,5e-05,5e-05,0,0
9445,2,21.99,25.99,17.99,43.98,0,0
9436,4,21.4975,38.5,0.49,85.99,0,0
9439,4,27.31125,57.69,0.135,109.245,0,0
9446,0,0.0,0.0,0.0,0.0,0,0
9423,2,19.15,38.0,0.3,38.3,0,0
9426,1,21.8,21.8,21.8,21.8,0,0
9447,4,4.48,9.5,0.11,17.92,0,0
9419,0,0.0,0.0,0.0,0.0,0,0
9412,0,0.0,0.0,0.0,0.0,0,0
9404,3,1.3133333333333335,3.49,0.15,3.9400000000000004,0,0
9449,7,44.142857142857146,101.0,0.1,309.0,0,0
9410,3,4.246666666666667,12.0,0.25,12.74,0,0
9416,5,128.488,188.88,69.69,642.4399999999999,0,0
9422,0,0.0,0.0,0.0,0.0,0,0
9406,0,0.0,0.0,0.0,0.0,0,0
9431,0,0.0,0.0,0.0,0.0,0,0
9420,8,61.29875,140.0,0.3,490.39,0,0
9427,1,85.0,85.0,85.0,85.0,0,0
9435,1,0.29,0.29,0.29,0.29,0,0
9413,0,0.0,0.0,0.0,0.0,0,0
9438,6,60.61166666666667,97.99,36.5,363.67,0,0
9433,0,0.0,0.0,0.0,0.0,0,0
9428,2,36.1,50.0,22.2,72.2,0,0
9421,3,40.553333333333335,54.0,15.66,121.66,0,0
9417,2,0.22,0.25,0.19,0.44,0,0
9450,7,17.302857142857142,57.0,0.25,121.12,0,0
9441,3,21.96666666666667,63.0,0.4,65.9,0,0
9425,4,22.68375,55.0,0.175,90.735,0,0
9403,2,9.625,19.0,0.25,19.25,0,0
9434,3,0.5166666666666667,1.0,0.25,1.55,0,0
9361,10,28.358999999999998,98.9,0.25,283.59,0,0
9387,0,0.0,0.0,0.0,0.0,0,0
9375,3,83.66333333333334,129.99,21.0,250.99,0,0
9377,2,42.0,43.0,41.0,84.0,0,0
9401,3,59.916666666666664,120.0,23.75,179.75,0,0
9353,2,22.240000000000002,28.98,15.5,44.480000000000004,0,0
9397,0,0.0,0.0,0.0,0.0,0,0
9364,5,41.328,69.95,3.0,206.64000000000001,0,0
9383,5,33.914,45.0,0.1,169.57,0,0
9372,6,42.07,97.18,0.35,252.42000000000002,0,0
9389,0,0.0,0.0,0.0,0.0,0,0
9396,4,76.2575,83.69,69.4,305.03,0,0
9368,3,371.18333333333334,550.0,88.55,1113.55,0,0
9360,0,0.0,0.0,0.0,0.0,0,0
9367,1,35.5,35.5,35.5,35.5,0,0
9385,4,58.4775,88.95,1.0,233.91,0,0
9378,4,31.78,65.0,0.12,127.12,0,0
9359,1,103.99,103.99,103.99,103.99,0,0
9363,4,43.7425,54.97,26.0,174.97,0,0
9370,6,41.20666666666667,59.0,17.25,247.24,0,0
9393,0,0.0,0.0,0.0,0.0,0,0
9355,2,1.27,1.4,1.14,2.54,0,0
9362,3,40.12,65.0,0.41,120.36,0,0
9376,1,70.0,70.0,70.0,70.0,0,0
9394,1,40.0,40.0,40.0,40.0,0,0
9373,2,322.495,499.99,145.0,644.99,0,0
9392,0,0.0,0.0,0.0,0.0,0,0
9382,0,0.0,0.0,0.0,0.0,0,0
9365,0,0.0,0.0,0.0,0.0,0,0
9399,0,0.0,0.0,0.0,0.0,0,0
9381,7,34.14142857142857,57.5,0.25,238.99,0,0
9366,4,59.2475,77.0,29.99,236.99,0,0
9386,9,31.336666666666662,54.6,16.0,282.03,0,0
9369,0,0.0,0.0,0.0,0.0,0,0
9398,0,0.0,0.0,0.0,0.0,0,0
9395,0,0.0,0.0,0.0,0.0,0,0
9400,3,165.0,300.0,75.0,495.0,0,0
9391,7,43.93,124.99,0.35,307.51,0,0
9357,0,0.0,0.0,0.0,0.0,0,0
9384,8,58.455,88.9,1.0,467.64,0,0
9380,5,74.99,134.95,0.11,374.95,0,0
9371,2,0.195,0.27,0.12,0.39,0,0
9390,10,43.567899999999995,72.25,1.999,435.679,0,0
9354,4,54.0,107.7,0.3,216.0,0,0
9402,0,0.0,0.0,0.0,0.0,0,0
9356,5,68.6,97.5,10.5,343.0,0,0
9374,1,0.31,0.31,0.31,0.31,0,0
9379,0,0.0,0.0,0.0,0.0,0,0
9388,0,0.0,0.0,0.0,0.0,0,0
9358,3,27.69666666666667,43.09,2.0,83.09,0,0
9316,4,13.025,50.0,0.25,52.1,0,0
9308,3,101.10000000000001,115.0,82.3,303.3,0,0
9349,0,0.0,0.0,0.0,0.0,0,0
9306,3,25.163332999999998,52.5,7.999999,75.489999,0,0
9331,1,38.5,38.5,38.5,38.5,0,0
9304,3,14.613333333333332,19.99,8.9,43.839999999999996,0,0
9320,1,66.0,66.0,66.0,66.0,0,0
9350,7,18.055714285714284,50.0,0.1,126.39,0,0
9346,3,47.56333333333333,58.69,29.0,142.69,0,0
9315,0,0.0,0.0,0.0,0.0,0,0
9327,0,0.0,0.0,0.0,0.0,0,0
9314,1,178.0,178.0,178.0,178.0,0,0
9325,3,41.666666666666664,50.0,25.0,125.0,0,0
9336,1,0.05,0.05,0.05,0.05,0,0
9348,2,19.7,21.9,17.5,39.4,0,0
9318,4,26.075,85.0,0.3,104.3,0,0
9305,4,24.25,31.0,15.0,97.0,0,0
9303,4,45.335,108.99,0.35,181.34,0,0
9317,2,0.695,0.7,0.69,1.39,0,0
9310,2,53.25,72.5,34.0,106.5,0,0
9334,0,0.0,0.0,0.0,0.0,0,0
9343,1,1.0,1.0,1.0,1.0,0,0
9330,0,0.0,0.0,0.0,0.0,0,0
9323,0,0.0,0.0,0.0,0.0,0,0
9319,8,20.99125,27.5,15.0,167.93,0,0
9335,9,24.120433333333335,74.99,0.6969,217.0839,0,0
9321,2,28.075,40.0,16.15,56.15,0,0
9338,2,28.33995,29.1899,27.49,56.6799,0,0
9322,15,61.984,144.99,5.39,929.76,0,0
9351,5,35.202,67.99,0.15,176.01,0,0
9312,1,13.99,13.99,13.99,13.99,0,0
9340,7,29.040714285714284,62.0,5.47,203.285,0,0
9341,1,0.59,0.59,0.59,0.59,0,0
9311,1,0.6,0.6,0.6,0.6,0,0
9337,7,60.55428571428571,99.0,1.2,423.88,0,0
9329,1,0.5,0.5,0.5,0.5,0,0
9313,5,62.096000000000004,80.0,47.98,310.48,0,0
9309,1,0.35,0.35,0.35,0.35,0,0
9333,2,38.69,77.0,0.38,77.38,0,0
9347,3,37.406666666666666,105.0,2.0,112.22,0,0
9307,3,50.56,88.69,8.99,151.68,0,0
9326,3,83.39,137.79,37.5,250.17,0,0
9342,1,0.14,0.14,0.14,0.14,0,0
9324,5,43.954,110.0,23.0,219.77,0,0
9328,0,0.0,0.0,0.0,0.0,0,0
9352,0,0.0,0.0,0.0,0.0,0,0
9345,8,51.7725,80.0,1.0,414.18,0,0
9339,1,75.0,75.0,75.0,75.0,0,0
9332,4,62.875,95.0,43.0,251.5,0,0
9344,1,239.99,239.99,239.99,239.99,0,0
9280,1,6.75,6.75,6.75,6.75,0,0
9262,0,0.0,0.0,0.0,0.0,0,0
9299,3,48.81666666666666,69.0,35.5,146.45,0,0
9277,2,121.25,122.5,120.0,242.5,0,0
9274,4,35.92,46.69,9.5,143.68,0,0
9279,1,0.28,0.28,0.28,0.28,0,0
9267,0,0.0,0.0,0.0,0.0,0,0
9287,0,0.0,0.0,0.0,0.0,0,0
9253,4,9.8875,36.0,0.7,39.55,0,0
9257,0,0.0,0.0,0.0,0.0,0,0
9286,7,40.86571428571428,78.99,0.1,286.06,0,0
9275,1,23.7,23.7,23.7,23.7,0,0
9289,5,43.534000000000006,99.98,4.0,217.67000000000002,0,0
9283,0,0.0,0.0,0.0,0.0,0,0
9276,0,0.0,0.0,0.0,0.0,0,0
9264,0,0.0,0.0,0.0,0.0,0,0
9278,0,0.0,0.0,0.0,0.0,0,0
9301,5,21.845999999999997,28.0,13.5,109.22999999999999,0,0
9281,1,2.9,2.9,2.9,2.9,0,0
9291,1,58.99,58.99,58.99,58.99,0,0
9268,0,0.0,0.0,0.0,0.0,0,0
9272,2,22.5,23.5,21.5,45.0,0,0
9255,8,45.83625,73.0,14.49,366.69,0,0
9265,0,0.0,0.0,0.0,0.0,0,0
9297,3,90.31666666666666,94.95,87.5,270.95,0,0
9302,0,0.0,0.0,0.0,0.0,0,0
9288,3,37.99666666666667,42.0,30.0,113.99000000000001,0,0
9254,4,44.4975,57.0,22.0,177.99,0,0
9260,6,50.805,145.0,21.0,304.83,0,0
9258,3,55.333333333333336,88.0,28.0,166.0,0,0
9285,6,83.16666666666667,111.0,1.0,499.0,0,0
9263,4,29.1825,62.99,0.35,116.73,0,0
9293,1,0.35,0.35,0.35,0.35,0,0
9270,5,16.278,44.96,0.19,81.39,0,0
9290,0,0.0,0.0,0.0,0.0,0,0
9282,0,0.0,0.0,0.0,0.0,0,0
9295,4,35.985,62.95,0.5,143.94,0,0
9294,0,0.0,0.0,0.0,0.0,0,0
9259,7,34.16428571428572,56.85,0.7,239.15,0,0
9292,1,9.2,9.2,9.2,9.2,0,0
9256,0,0.0,0.0,0.0,0.0,0,0
9284,5,76.69,119.95,5.0,383.45,0,0
9269,0,0.0,0.0,0.0,0.0,0,0
9266,6,55.01333333333333,81.5,0.09,330.08,0,0
9296,1,70.0,70.0,70.0,70.0,0,0
9261,3,19.819999999999997,23.99,17.0,59.459999999999994,0,0
9273,2,30.49,32.98,28.0,60.98,0,0
9271,5,8.138,20.0,0.35,40.69,0,0
9300,2,81.25,93.5,69.0,162.5,0,0
9298,3,22.833333333333332,35.0,1.5,68.5,0,0
9231,0,0.0,0.0,0.0,0.0,0,0
9205,7,38.105714285714285,92.5,1.1,266.74,0,0
9220,3,19.466666666666665,32.5,11.5,58.4,0,0
9219,3,0.8633333333333333,1.7,0.3,2.59,0,0
9204,3,9.61,22.88,0.45,28.83,0,0
9211,2,26.0,35.0,17.0,52.0,0,0
9210,5,30.838,63.69,20.0,154.19,0,0
9214,2,50.995000000000005,57.0,44.99,101.99000000000001,0,0
9207,0,0.0,0.0,0.0,0.0,0,0
9237,0,0.0,0.0,0.0,0.0,0,0
9206,5,49.628,73.0,22.0,248.14,0,0
9223,5,106.99600000000001,199.0,49.0,534.98,0,0
9218,4,26.79,59.5,0.35,107.16,0,0
9249,5,35.998000000000005,70.0,6.0,179.99,0,0
9225,9,32.028888888888886,100.0,0.1,288.26,0,0
9244,1,36.97,36.97,36.97,36.97,0,0
9215,1,94.99,94.99,94.99,94.99,0,0
9251,1,0.1,0.1,0.1,0.1,0,0
9232,1,52.499,52.499,52.499,52.499,0,0
9216,3,13.793333333333335,29.89,1.5,41.38,0,0
9239,7,52.09142857142857,87.95,8.5,364.64,0,0
9238,0,0.0,0.0,0.0,0.0,0,0
9224,4,37.194250000000004,59.777,0.3,148.77700000000002,0,0
9203,3,5.33,9.99,1.0,15.99,0,0
9246,4,52.1125,73.0,35.0,208.45,0,0
9230,2,50.715,58.0,43.43,101.43,0,0
9240,1,69.99,69.99,69.99,69.99,0,0
9243,4,23.285,38.77,1.45,93.14,0,0
9229,5,15.768,27.88,0.5,78.84,0,0
9242,2,68.5,101.0,36.0,137.0,0,0
9250,3,2.2333333333333334,5.99,0.23,6.7,0,0
9235,3,63.71333333333333,190.0,0.35,191.14,0,0
9217,3,36.983333333333334,105.0,1.2,110.95,0,0
9228,1,0.75,0.75,0.75,0.75,0,0
9233,4,8.5525,17.98,0.55,34.21,0,0
9226,0,0.0,0.0,0.0,0.0,0,0
9222,0,0.0,0.0,0.0,0.0,0,0
9247,5,65.93,89.4,19.5,329.65000000000003,0,0
9221,1,31.0,31.0,31.0,31.0,0,0
9212,3,100.89666666666666,128.0,70.0,302.69,0,0
9252,6,11.548333333333334,32.0,0.25,69.29,0,0
9209,0,0.0,0.0,0.0,0.0,0,0
9227,0,0.0,0.0,0.0,0.0,0,0
9208,8,50.405,93.0,0.1,403.24,0,0
9248,1,29.97,29.97,29.97,29.97,0,0
9213,1,0.3,0.3,0.3,0.3,0,0
9234,5,46.489999999999995,79.99,0.25,232.45,0,0
9236,2,28.9,29.5,28.3,57.8,0,0
9241,0,0.0,0.0,0.0,0.0,0,0
9245,6,27.713333333333335,120.0,0.25,166.28,0,0
9197,12,63.39706833333333,123.0,0.92482,760.76482,0,0
9178,6,39.82833333333333,55.0,10.5,238.97,0,0
9174,8,51.36375,66.95,22.88,410.91,0,0
9176,1,18.5,18.5,18.5,18.5,0,0
9196,0,0.0,0.0,0.0,0.0,0,0
9180,3,38.199999999999996,65.0,0.1,114.6,0,0
9157,5,64.75800000000001,113.99,0.4,323.79,0,0
9170,2,41.0,72.0,10.0,82.0,0,0
9177,1,18.0,18.0,18.0,18.0,0,0
9198,3,58.333333333333336,80.0,40.0,175.0,0,0
9172,0,0.0,0.0,0.0,0.0,0,0
9167,2,7.95,8.4,7.5,15.9,0,0
9153,5,22.34,52.0,1.2,111.7,0,0
9166,0,0.0,0.0,0.0,0.0,0,0
9201,0,0.0,0.0,0.0,0.0,0,0
9171,6,31.873333333333335,57.69,6.5,191.24,0,0
9190,2,20.744999999999997,21.49,20.0,41.489999999999995,0,0
9159,2,68.245,79.99,56.5,136.49,0,0
9202,1,30.0,30.0,30.0,30.0,0,0
9175,1,0.35,0.35,0.35,0.35,0,0
9182,3,21.363333333333333,47.5,1.1,64.09,0,0
9163,3,34.5,99.0,1.1,103.5,0,0
9184,1,52.499,52.499,52.499,52.499,0,0
9154,0,0.0,0.0,0.0,0.0,0,0
9160,2,4.945,7.99,1.9,9.89,0,0
9158,1,10.0,10.0,10.0,10.0,0,0
9186,3,66.86333333333333,71.9,61.69,200.59,0,0
9169,0,0.0,0.0,0.0,0.0,0,0
9189,5,37.15,130.0,0.18,185.75,0,0
9173,1,36.6,36.6,36.6,36.6,0,0
9191,0,0.0,0.0,0.0,0.0,0,0
9187,3,7.796666666666667,13.5,0.4,23.39,0,0
9188,2,41.295,44.99,37.6,82.59,0,0
9162,6,3.063333333333333,7.5,0.1,18.38,0,0
9161,2,18.439999999999998,19.88,17.0,36.879999999999995,0,0
9164,2,12.795,12.99,12.6,25.59,0,0
9156,0,0.0,0.0,0.0,0.0,0,0
9193,3,11.996666666666668,32.99,0.5,35.99,0,0
9194,2,52.75,92.0,13.5,105.5,0,0
9200,9,62.443333333333335,143.99,19.0,561.99,0,0
9168,3,54.166666666666664,87.0,35.5,162.5,0,0
9181,1,0.5,0.5,0.5,0.5,0,0
9195,1,0.1,0.1,0.1,0.1,0,0
9179,4,41.87,62.49,4.99,167.48,0,0
9199,0,0.0,0.0,0.0,0.0,0,0
9192,6,29.808333333333334,109.95,0.9,178.85,0,0
9185,1,0.19,0.19,0.19,0.19,0,0
9155,3,2.263333333333333,4.75,0.79,6.79,0,0
9183,1,1.8,1.8,1.8,1.8,0,0
9165,1,42.0,42.0,42.0,42.0,0,0
9143,10,24.586,59.5,0.1,245.85999999999999,0,0
9129,1,387.0,387.0,387.0,387.0,0,0
9135,1,23.97,23.97,23.97,23.97,0,0
9107,1,1.0,1.0,1.0,1.0,0,0
9108,3,116.33,120.0,110.0,348.99,0,0
9110,1,20.0,20.0,20.0,20.0,0,0
9113,4,15.717500000000001,28.0,4.99,62.870000000000005,0,0
9118,0,0.0,0.0,0.0,0.0,0,0
9105,3,38.02333333333333,74.68,0.39,114.07000000000001,0,0
9125,3,28.616666666666664,39.95,6.0,85.85,0,0
9137,2,305.0,310.0,300.0,610.0,0,0
9141,4,26.2475,33.5,19.0,104.99,0,0
9109,4,71.975,101.0,58.0,287.9,0,0
9145,1,72.0,72.0,72.0,72.0,0,0
9151,0,0.0,0.0,0.0,0.0,0,0
9148,4,61.0325,66.28,51.85,244.13,0,0
9149,4,27.55,64.0,0.5,110.2,0,0
9128,1,30.0,30.0,30.0,30.0,0,0
9130,0,0.0,0.0,0.0,0.0,0,0
9127,0,0.0,0.0,0.0,0.0,0,0
9150,2,70.0,110.0,30.0,140.0,0,0
9114,7,39.58414285714286,71.95,0.94,277.089,0,0
9115,0,0.0,0.0,0.0,0.0,0,0
9116,0,0.0,0.0,0.0,0.0,0,0
9131,1,0.15,0.15,0.15,0.15,0,0
9139,1,22.97,22.97,22.97,22.97,0,0
9138,8,40.441250000000004,149.99,0.25,323.53000000000003,0,0
9122,2,25.25,26.5,24.0,50.5,0,0
9126,8,22.255,80.0,0.25,178.04,0,0
9123,5,68.44800000000001,110.0,0.25,342.24,0,0
9106,6,45.75666666666667,110.0,18.88,274.54,0,0
9142,6,55.79333333333333,118.88,0.1,334.76,0,0
9144,0,0.0,0.0,0.0,0.0,0,0
9140,1,4.59,4.59,4.59,4.59,0,0
9132,3,11.049999999999999,27.25,1.0,33.15,0,0
9136,3,32.32,37.99,29.0,96.96000000000001,0,0
9121,1,170.0,170.0,170.0,170.0,0,0
9117,17,29.075294117647058,88.0,0.8,494.28,0,0
9111,1,14.8,14.8,14.8,14.8,0,0
9112,9,95.94222222222223,134.0,66.0,863.48,0,0
9147,0,0.0,0.0,0.0,0.0,0,0
9152,11,31.980909090909094,69.42,0.6,351.79,0,0
9103,8,51.78125,99.9,20.25,414.25,0,0
9120,3,50.254333333333335,61.48,33.333,150.763,0,0
9133,1,44.0,44.0,44.0,44.0,0,0
9104,0,0.0,0.0,0.0,0.0,0,0
9124,9,75.19222222222223,139.0,0.25,676.73,0,0
9119,4,49.1875,109.0,22.0,196.75,0,0
9134,0,0.0,0.0,0.0,0.0,0,0
9098,3,63.66,89.0,34.99,190.98,0,0
9071,11,53.19909090909091,109.9,24.2,585.19,0,0
9092,1,314.0,314.0,314.0,314.0,0,0
9060,10,33.762,125.0,0.35,337.62,0,0
9059,3,95.33333333333333,106.0,75.0,286.0,0,0
9101,1,0.49,0.49,0.49,0.49,0,0
9067,1,68.88,68.88,68.88,68.88,0,0
9073,3,51.63333333333333,66.9,22.0,154.9,0,0
9055,1,0.25,0.25,0.25,0.25,0,0
9085,3,36.61666666666667,71.0,13.85,109.85,0,0
9069,1,33.99,33.99,33.99,33.99,0,0
9091,1,68.0,68.0,68.0,68.0,0,0
9079,3,96.83333333333333,220.0,5.5,290.5,0,0
9058,1,75.0,75.0,75.0,75.0,0,0
9056,3,77.94,89.95,68.88,233.82,0,0
9068,4,72.09,87.95,43.7,288.36,0,0
9077,1,0.66,0.66,0.66,0.66,0,0
9087,2,26.25,28.5,24.0,52.5,0,0
9054,3,75.92999999999999,88.8,54.0,227.79,0,0
9057,3,47.198333330000004,52.994999990000004,38.5,141.59499999000002,0,0
9072,4,43.3125,62.5,23.25,173.25,0,0
9065,4,30.3725,41.5,23.0,121.49,0,0
9074,0,0.0,0.0,0.0,0.0,0,0
9053,3,62.333333333333336,84.0,51.0,187.0,0,0
9089,11,17.677272727272726,65.0,0.52,194.45,0,0
9064,2,93.995,120.0,67.99,187.99,0,0
9094,3,11.343333333333334,32.9,0.54,34.03,0,0
9083,0,0.0,0.0,0.0,0.0,0,0
9063,2,75.75,79.0,72.5,151.5,0,0
9080,6,75.05833333333334,105.0,59.9,450.35,0,0
9070,1,22.4,22.4,22.4,22.4,0,0
9096,0,0.0,0.0,0.0,0.0,0,0
9084,4,38.97,49.0,32.0,155.88,0,0
9075,3,28.833333333333332,42.0,22.0,86.5,0,0
9100,1,350.0,350.0,350.0,350.0,0,0
9076,6,37.541666666666664,67.0,8.5,225.25,0,0
9086,3,5.166666666666667,10.5,0.5,15.5,0,0
9061,1,17.0,17.0,17.0,17.0,0,0
9082,2,30.1,33.95,26.25,60.2,0,0
9081,2,149.995,164.99,135.0,299.99,0,0
9088,3,49.49666666666667,63.0,42.49,148.49,0,0
9099,6,53.541666666666664,94.0,20.75,321.25,0,0
9090,7,53.30285714285714,84.77,9.5,373.12,0,0
9078,1,30.99,30.99,30.99,30.99,0,0
9066,3,77.91666666666667,83.75,69.0,233.75,0,0
9093,1,27.25,27.25,27.25,27.25,0,0
9095,2,4.595000000000001,8.72,0.47,9.190000000000001,0,0
9062,6,67.02646666666666,149.0,40.0,402.1588,0,0
9102,2,19.12,37.75,0.49,38.24,0,0
9097,1,103.0,103.0,103.0,103.0,0,0
9036,0,0.0,0.0,0.0,0.0,0,0
9018,5,45.510000000000005,86.0,22.22,227.55,0,0
9047,9,31.049999999999997,104.0,1.0,279.45,0,0
9028,5,52.384,96.0,19.99,261.92,0,0
9034,1,0.4945232703239821,0.4945232703239821,0.4945232703239821,0.4945232703239821,0,0
9021,1,67.58,67.58,67.58,67.58,0,0
9020,2,61.25,66.0,56.5,122.5,0,0
9045,1,75.0,75.0,75.0,75.0,0,0
9040,4,12.907499999999999,48.9,0.71,51.629999999999995,0,0
9044,0,0.0,0.0,0.0,0.0,0,0
9017,2,83.48949999999999,142.98,23.999,166.97899999999998,0,0
9042,11,42.88727272727272,100.0,0.8,471.76,0,0
9024,2,13.325,26.5,0.15,26.65,0,0
9052,2,259.0,500.0,18.0,518.0,0,0
9026,3,50.0,65.0,40.0,150.0,0,0
9005,4,49.095,116.0,0.1,196.38,0,0
9025,6,38.940000000000005,71.5,0.55,233.64000000000001,0,0
9051,0,0.0,0.0,0.0,0.0,0,0
9032,2,0.475,0.48,0.47,0.95,0,0
9013,1,75.0,75.0,75.0,75.0,0,0
9022,9,44.394444444444446,100.0,5.25,399.55,0,0
9006,0,0.0,0.0,0.0,0.0,0,0
9030,3,2.2866666666666666,5.55,0.36,6.859999999999999,0,0
9008,2,8.325,16.0,0.65,16.65,0,0
9027,3,28.73,45.0,19.99,86.19,0,0
9048,0,0.0,0.0,0.0,0.0,0,0
9010,5,69.144,144.99,0.74,345.72,0,0
9011,1,0.76,0.76,0.76,0.76,0,0
9023,5,18.380000000000003,21.25,15.5,91.9,0,0
9037,0,0.0,0.0,0.0,0.0,0,0
9039,2,120.5,149.0,92.0,241.0,0,0
9035,3,43.24666666666667,67.4,0.39,129.74,0,0
9007,3,47.0,66.0,20.0,141.0,0,0
9033,1,0.5,0.5,0.5,0.5,0,0
9050,2,52.995000000000005,53.0,52.99,105.99000000000001,0,0
9003,1,0.043,0.043,0.043,0.043,0,0
9015,2,19.265,27.54,10.99,38.53,0,0
9038,0,0.0,0.0,0.0,0.0,0,0
9029,7,59.29,72.69,24.5,415.03,0,0
9019,4,115.075,230.3,60.0,460.3,0,0
9016,8,39.77125,89.95,0.5,318.17,0,0
9041,4,88.99000000000001,145.8,48.25,355.96000000000004,0,0
9049,1,88.0,88.0,88.0,88.0,0,0
9014,7,62.76428571428572,124.9,21.5,439.35,0,0
9031,2,144.345,163.69,125.0,288.69,0,0
9012,7,31.445714285714285,50.0,17.4,220.12,0,0
9009,1,0.303,0.303,0.303,0.303,0,0
9004,1,64.0,64.0,64.0,64.0,0,0
9043,5,76.45,105.0,0.25,382.25,0,0
9046,6,95.33333333333333,200.0,33.0,572.0,0,0
8995,1,13.3,13.3,13.3,13.3,0,0
8977,1,52.25,52.25,52.25,52.25,0,0
8987,5,42.912,87.5,6.0,214.56,0,0
8974,1,0.45,0.45,0.45,0.45,0,0
8956,10,47.786,72.0,0.1,477.86,0,0
8971,2,11.399999999999999,22.4,0.4,22.799999999999997,0,0
8968,2,131.5,135.0,128.0,263.0,0,0
8985,0,0.0,0.0,0.0,0.0,0,0
8966,2,31.5,33.0,30.0,63.0,0,0
8988,9,26.677777777777777,41.97,15.0,240.1,0,0
8981,1,1.0,1.0,1.0,1.0,0,0
8990,4,17.725,35.0,0.4,70.9,0,0
8984,4,1.0175,1.38,0.7,4.07,0,0
8998,7,48.512857142857136,81.0,0.1,339.59,0,0
8954,3,7.656666666666666,22.7,0.08,22.97,0,0
8964,1,41.0,41.0,41.0,41.0,0,0
8999,3,51.41,80.0,24.24,154.23,0,0
8957,0,0.0,0.0,0.0,0.0,0,0
8961,4,56.394999999999996,71.99,25.99,225.57999999999998,0,0
8962,0,0.0,0.0,0.0,0.0,0,0
8992,3,61.49333333333334,94.98,42.5,184.48000000000002,0,0
8975,0,0.0,0.0,0.0,0.0,0,0
9000,6,43.80666671833333,77.0,3.1e-07,262.84000031,0,0
8996,4,48.7725,69.95,2.15,195.09,0,0
8959,1,65.0,65.0,65.0,65.0,0,0
8986,0,0.0,0.0,0.0,0.0,0,0
8983,0,0.0,0.0,0.0,0.0,0,0
8960,4,34.4925,54.69,25.69,137.97,0,0
8976,1,0.45,0.45,0.45,0.45,0,0
8997,0,0.0,0.0,0.0,0.0,0,0
9002,5,53.6,84.5,21.0,268.0,0,0
8955,1,55.0,55.0,55.0,55.0,0,0
8973,4,23.425,34.9,0.44,93.7,0,0
8970,14,42.00285714285714,93.47,0.7,588.04,0,0
8953,4,52.207499999999996,98.88,10.0,208.82999999999998,0,0
8982,2,89.75,130.0,49.5,179.5,0,0
8991,1,104.0,104.0,104.0,104.0,0,0
8979,0,0.0,0.0,0.0,0.0,0,0
8980,0,0.0,0.0,0.0,0.0,0,0
8969,2,100.0,110.0,90.0,200.0,0,0
8972,1,42.0,42.0,42.0,42.0,0,0
8963,0,0.0,0.0,0.0,0.0,0,0
8958,3,167.76333333333335,333.0,0.6,503.29,0,0
8993,5,80.396,129.99,35.99,401.98,0,0
8989,1,33.0,33.0,33.0,33.0,0,0
8978,5,38.736000000000004,67.5,0.5,193.68,0,0
8965,1,50.0,50.0,50.0,50.0,0,0
9001,12,82.61416666666666,333.3,0.49,991.37,0,0
8994,3,1.0933333333333333,2.5,0.09,3.28,0,0
8967,1,0.5,0.5,0.5,0.5,0,0
8935,0,0.0,0.0,0.0,0.0,0,0
8912,2,0.52,0.69,0.35,1.04,0,0
8920,1,0.25,0.25,0.25,0.25,0,0
8925,1,0.05,0.05,0.05,0.05,0,0
8904,3,5.163333333333333,7.5,0.5,15.49,0,0
8915,2,39.53,77.77,1.29,79.06,0,0
8945,2,46.475,74.95,18.0,92.95,0,0
8907,3,112.98333333333333,165.0,23.95,338.95,0,0
8933,3,21.83,30.0,12.0,65.49,0,0
8929,1,27.0,27.0,27.0,27.0,0,0
8913,3,87.33333333333333,100.0,80.0,262.0,0,0
8930,4,125.5,175.0,24.5,502.0,0,0
8926,2,5.725,10.0,1.45,11.45,0,0
8937,8,35.965,63.95,21.0,287.72,0,0
8906,4,50.5,80.0,25.0,202.0,0,0
8905,5,10.118,22.0,0.34,50.59,0,0
8946,6,12.553333333333333,28.5,1.4,75.32,0,0
8924,14,32.88857142857143,65.0,0.5,460.44,0,0
8927,4,12.3025,24.0,1.1,49.21,0,0
8947,3,27.666666666666668,31.0,25.0,83.0,0,0
8917,8,44.31,56.89,0.44,354.48,0,0
8908,0,0.0,0.0,0.0,0.0,0,0
8928,2,89.75,105.5,74.0,179.5,0,0
8951,7,58.019999999999996,136.6,1.0,406.14,0,0
8943,1,0.1,0.1,0.1,0.1,0,0
8938,4,37.714999999999996,76.97,0.79,150.85999999999999,0,0
8952,1,0.1,0.1,0.1,0.1,0,0
8909,0,0.0,0.0,0.0,0.0,0,0
8939,0,0.0,0.0,0.0,0.0,0,0
8923,0,0.0,0.0,0.0,0.0,0,0
8932,2,40.625,57.75,23.5,81.25,0,0
8910,1,1.0,1.0,1.0,1.0,0,0
8944,4,49.45,81.0,23.8,197.8,0,0
8914,0,0.0,0.0,0.0,0.0,0,0
8916,5,64.01884,94.95,32.5,320.0942,0,0
8942,1,1.65,1.65,1.65,1.65,0,0
8936,4,47.12,64.5,30.99,188.48,0,0
8949,7,37.355714285714285,82.0,0.25,261.49,0,0
8934,6,37.4983,89.0,0.1,224.9898,0,0
8911,4,55.4325,108.99,0.25,221.73,0,0
8948,2,48.89612400123869,48.902248002477386,48.89,97.79224800247738,0,0
8931,3,2.37,3.49,1.75,7.11,0,0
8941,8,48.2575,84.9,15.0,386.06,0,0
8922,11,56.88545454545454,116.0,1.35,625.74,0,0
8940,1,0.05,0.05,0.05,0.05,0,0
8919,7,6.625714285714286,22.25,0.25,46.38,0,0
8921,1,31.0,31.0,31.0,31.0,0,0
8903,4,0.8925000000000001,1.1,0.49,3.5700000000000003,0,0
8918,2,24.375,48.0,0.75,48.75,0,0
8950,3,20.416666666666668,33.0,0.25,61.25,0,0
8886,2,8.5,11.0,6.0,17.0,0,0
8874,7,71.03999999999999,106.0,22.22,497.28,0,0
8853,2,0.275,0.45,0.1,0.55,0,0
8897,3,16.63,22.39,6.0,49.89,0,0
8900,0,0.0,0.0,0.0,0.0,0,0
8898,2,159.5,260.0,59.0,319.0,0,0
8864,2,43.25,56.5,30.0,86.5,0,0
8855,9,57.76888888888888,96.0,22.97,519.92,0,0
8891,2,81.745,83.5,79.99,163.49,0,0
8870,3,107.06666666666666,200.0,1.2,321.2,0,0
8860,0,0.0,0.0,0.0,0.0,0,0
8876,1,21.98,21.98,21.98,21.98,0,0
8895,1,24.94,24.94,24.94,24.94,0,0
8858,2,59.485,96.0,22.97,118.97,0,0
8893,3,47.416666666666664,58.25,27.0,142.25,0,0
8865,2,375.0,450.0,300.0,750.0,0,0
8888,2,460.95,888.8,33.1,921.9,0,0
8856,1,95.0,95.0,95.0,95.0,0,0
8892,5,7.473999999999999,19.99,1.2,37.37,0,0
8863,1,52.36,52.36,52.36,52.36,0,0
8902,10,58.448,104.75,0.1,584.48,0,0
8862,0,0.0,0.0,0.0,0.0,0,0
8879,5,61.298,85.0,5.13,306.49,0,0
8884,0,0.0,0.0,0.0,0.0,0,0
8882,0,0.0,0.0,0.0,0.0,0,0
8868,2,247.44,288.88,206.0,494.88,0,0
8871,8,30.54,119.0,0.7,244.32,0,0
8894,5,34.152,98.0,0.12,170.76,0,0
8896,0,0.0,0.0,0.0,0.0,0,0
8880,0,0.0,0.0,0.0,0.0,0,0
8872,2,19.735,22.5,16.97,39.47,0,0
8885,3,8.641666666666666,16.49,0.425,25.924999999999997,0,0
8899,0,0.0,0.0,0.0,0.0,0,0
8866,0,0.0,0.0,0.0,0.0,0,0
8857,2,1001.25,2000.0,2.5,2002.5,0,0
8878,2,0.2155,0.3,0.131,0.431,0,0
8889,5,32.588,82.0,0.25,162.94,0,0
8877,2,24.57,49.0,0.14,49.14,0,0
8883,0,0.0,0.0,0.0,0.0,0,0
8890,0,0.0,0.0,0.0,0.0,0,0
8854,1,0.37,0.37,0.37,0.37,0,0
8861,6,8.24,25.92,0.82,49.440000000000005,0,0
8875,0,0.0,0.0,0.0,0.0,0,0
8901,7,58.29571428571428,87.5,3.4,408.07,0,0
8887,0,0.0,0.0,0.0,0.0,0,0
8873,1,0.05000000000000001,0.05000000000000001,0.05000000000000001,0.05000000000000001,0,0
8867,0,0.0,0.0,0.0,0.0,0,0
8881,2,54.995,69.99,40.0,109.99,0,0
8869,3,53.693333333333335,100.25,21.98,161.08,0,0
8859,1,120.0,120.0,120.0,120.0,0,0
8824,2,3.4899999999999998,5.89,1.09,6.9799999999999995,0,0
8817,4,2.495,4.88,0.88,9.98,0,0
8823,1,65.49,65.49,65.49,65.49,0,0
8825,1,0.45,0.45,0.45,0.45,0,0
8804,2,66.5,70.0,63.0,133.0,0,0
8830,3,23.53333333333333,45.5,1.6,70.6,0,0
8842,1,170.0,170.0,170.0,170.0,0,0
8850,1,0.1,0.1,0.1,0.1,0,0
8844,1,75.0,75.0,75.0,75.0,0,0
8808,3,110.66666666666667,125.0,100.0,332.0,0,0
8847,3,55.666666666666664,70.0,32.0,167.0,0,0
8826,4,27.6125,35.0,12.45,110.45,0,0
8815,1,0.001,0.001,0.001,0.001,0,0
8811,2,30.50000365,61.0,7.3e-06,61.0000073,0,0
8838,4,85.7475,135.0,38.0,342.99,0,0
8807,9,25.99488888888889,41.22,0.35,233.954,0,0
8833,2,30.75,33.5,28.0,61.5,0,0
8816,0,0.0,0.0,0.0,0.0,0,0
8819,8,23.635,53.0,0.4,189.08,0,0
8840,1,0.75,0.75,0.75,0.75,0,0
8839,1,0.05000000000000001,0.05000000000000001,0.05000000000000001,0.05000000000000001,0,0
8827,0,0.0,0.0,0.0,0.0,0,0
8809,1,52.0,52.0,52.0,52.0,0,0
8818,3,25.53333333333333,31.0,20.0,76.6,0,0
8843,5,29.830000000000002,56.0,0.25,149.15,0,0
8829,4,26.1875,74.7,0.55,104.75,0,0
8820,3,33.160000000000004,98.0,0.3,99.48,0,0
8837,2,3.825,5.5,2.15,7.65,0,0
8849,3,41.583333333333336,75.0,18.0,124.75,0,0
8821,1,23.95,23.95,23.95,23.95,0,0
8846,2,58.525,59.39,57.66,117.05,0,0
8848,2,28.244999999999997,31.49,25.0,56.489999999999995,0,0
8834,3,32.14666666666667,45.0,21.49,96.44,0,0
8831,1,1.5,1.5,1.5,1.5,0,0
8835,2,0.725,1.0,0.45,1.45,0,0
8812,6,65.71300000000001,130.0,32.5,394.278,0,0
8851,2,1.5,2.5,0.5,3.0,0,0
8828,6,42.495,55.0,15.0,254.97,0,0
8845,1,7.0,7.0,7.0,7.0,0,0
8813,1,16.25,16.25,16.25,16.25,0,0
8832,4,24.775,53.69,0.18,99.1,0,0
8803,8,32.95375,200.0,0.1,263.63,0,0
8841,0,0.0,0.0,0.0,0.0,0,0
8836,4,48.9375,86.0,0.25,195.75,0,0
8814,6,77.56166666666667,103.23,17.5,465.37,0,0
8806,1,0.25,0.25,0.25,0.25,0,0
8805,2,279.345,420.69,138.0,558.69,0,0
8810,5,35.994,66.0,0.9,179.97,0,0
8852,1,0.53,0.53,0.53,0.53,0,0
8822,0,0.0,0.0,0.0,0.0,0,0
8770,5,87.392,350.0,1.0,436.96,0,0
8782,0,0.0,0.0,0.0,0.0,0,0
8790,4,62.7375,109.95,34.0,250.95,0,0
8783,8,39.6925,139.0,0.25,317.54,0,0
8788,1,4.15,4.15,4.15,4.15,0,0
8759,1,0.62,0.62,0.62,0.62,0,0
8800,5,39.477999999999994,66.5,0.39,197.39,0,0
8765,0,0.0,0.0,0.0,0.0,0,0
8791,0,0.0,0.0,0.0,0.0,0,0
8793,1,39.99,39.99,39.99,39.99,0,0
8796,5,59.67000000000004,94.95,24.4,298.3500000000002,0,0
8785,1,1.3,1.3,1.3,1.3,0,0
8787,1,47.0,47.0,47.0,47.0,0,0
8779,2,151.25,250.0,52.5,302.5,0,0
8768,0,0.0,0.0,0.0,0.0,0,0
8756,3,42.166666666666664,73.5,22.0,126.5,0,0
8786,4,71.125,135.0,35.0,284.5,0,0
8771,7,46.01428571428572,59.0,0.2,322.1,0,0
8784,0,0.0,0.0,0.0,0.0,0,0
8795,3,72.24,77.77,67.0,216.72,0,0
8764,4,35.394999999999996,53.5,26.58,141.57999999999998,0,0
8777,1,6.25,6.25,6.25,6.25,0,0
8769,0,0.0,0.0,0.0,0.0,0,0
8761,3,32.776666666666664,53.43,19.9,98.33,0,0
8792,0,0.0,0.0,0.0,0.0,0,0
8780,1,1e-18,1e-18,1e-18,1e-18,0,0
8772,0,0.0,0.0,0.0,0.0,0,0
8773,0,0.0,0.0,0.0,0.0,0,0
8799,0,0.0,0.0,0.0,0.0,0,0
8774,9,41.056666666666665,53.99,23.97,369.51,0,0
8763,1,14.0,14.0,14.0,14.0,0,0
8798,2,41.0,54.0,28.0,82.0,0,0
8776,0,0.0,0.0,0.0,0.0,0,0
8767,1,8.5,8.5,8.5,8.5,0,0
8758,1,15.25,15.25,15.25,15.25,0,0
8797,2,33.45,42.9,24.0,66.9,0,0
8781,13,31.71661553846154,80.0,2e-06,412.316002,0,0
8766,0,0.0,0.0,0.0,0.0,0,0
8794,0,0.0,0.0,0.0,0.0,0,0
8760,2,34.25,37.5,31.0,68.5,0,0
8762,4,42.0475,70.0,13.75,168.19,0,0
8755,2,26.325,38.9,13.75,52.65,0,0
8753,5,60.238,80.0,44.95,301.19,0,0
8754,1,0.64,0.64,0.64,0.64,0,0
8757,2,55.625,72.0,39.25,111.25,0,0
8789,6,13.12,39.49,1.2,78.72,0,0
8802,1,0.49,0.49,0.49,0.49,0,0
8775,1,0.2,0.2,0.2,0.2,0,0
8801,4,103.75,160.0,50.0,415.0,0,0
8778,1,24.99,24.99,24.99,24.99,0,0
8746,8,39.42875,53.25,17.0,315.43,0,0
8724,1,10.0,10.0,10.0,10.0,0,0
8705,6,56.89166666666667,150.0,0.1,341.35,0,0
8713,6,136.69,230.0,1.0,820.14,0,0
8703,1,9.88,9.88,9.88,9.88,0,0
8745,1,12.87,12.87,12.87,12.87,0,0
8719,4,30.925,66.0,0.7,123.7,0,0
8733,0,0.0,0.0,0.0,0.0,0,0
8740,12,26.194166666666664,78.87,0.79,314.33,0,0
8723,4,72.5,99.0,49.0,290.0,0,0
8714,1,92.5,92.5,92.5,92.5,0,0
8735,2,3.05,6.0,0.1,6.1,0,0
8742,0,0.0,0.0,0.0,0.0,0,0
8722,0,0.0,0.0,0.0,0.0,0,0
8716,3,31.793333333333333,46.69,6.0,95.38,0,0
8729,1,0.5,0.5,0.5,0.5,0,0
8717,3,34.166666666666664,38.0,31.0,102.5,0,0
8741,1,0.05000000000000001,0.05000000000000001,0.05000000000000001,0.05000000000000001,0,0
8720,2,61.995000000000005,64.0,59.99,123.99000000000001,0,0
8718,4,42.445,89.99,1.39,169.78,0,0
8711,3,66.83,67.5,66.0,200.49,0,0
8731,0,0.0,0.0,0.0,0.0,0,0
8707,3,36.31666666666667,65.0,20.45,108.95,0,0
8725,3,80.66666666666667,115.0,38.0,242.0,0,0
8752,2,10.245,18.99,1.5,20.49,0,0
8751,12,27.859166666666667,53.99,4.2,334.31,0,0
8704,0,0.0,0.0,0.0,0.0,0,0
8715,4,0.53,0.99,0.3,2.12,0,0
8726,6,33.105,52.01,23.25,198.63,0,0
8730,7,20.237142857142857,43.23,0.79,141.66,0,0
8706,2,10.445,14.95,5.94,20.89,0,0
8709,1,80.0,80.0,80.0,80.0,0,0
8712,2,112.495,115.0,109.99,224.99,0,0
8739,3,29.19,47.0,0.58,87.57000000000001,0,0
8749,1,25.99,25.99,25.99,25.99,0,0
8728,2,28.375,28.75,28.0,56.75,0,0
8748,3,45.24666666666667,77.0,27.49,135.74,0,0
8738,1,1.2,1.2,1.2,1.2,0,0
8750,1,3.5,3.5,3.5,3.5,0,0
8743,4,41.42,69.69,6.99,165.68,0,0
8736,3,45.5,95.0,16.5,136.5,0,0
8721,2,42.995,58.0,27.99,85.99,0,0
8727,7,27.771428571428572,118.5,0.25,194.4,0,0
8708,1,72.5,72.5,72.5,72.5,0,0
8744,3,36.46,51.89,27.5,109.38,0,0
8747,4,16.349999999999998,24.9,5.8,65.39999999999999,0,0
8732,1,69.99,69.99,69.99,69.99,0,0
8710,1,15.5,15.5,15.5,15.5,0,0
8734,0,0.0,0.0,0.0,0.0,0,0
8737,0,0.0,0.0,0.0,0.0,0,0
8658,2,30.994999999999997,37.0,24.99,61.989999999999995,0,0
8700,0,0.0,0.0,0.0,0.0,0,0
8697,6,51.615,160.0,3.5,309.69,0,0
8688,8,43.1318625,50.69,37.0,345.0549,0,0
8689,7,49.92714285714286,70.0,40.0,349.49,0,0
8656,7,40.40428571428571,71.99,1.1,282.83,0,0
8694,4,35.585,57.35,5.99,142.34,0,0
8663,0,0.0,0.0,0.0,0.0,0,0
8673,4,27.8875,57.5,0.13,111.55,0,0
8667,8,35.00125,66.97,0.01,280.01,0,0
8669,1,100.0,100.0,100.0,100.0,0,0
8655,7,29.607142857142858,55.95,2.96,207.25,0,0
8691,1,45.0,45.0,45.0,45.0,0,0
8674,2,19.825,39.39,0.26,39.65,0,0
8701,0,0.0,0.0,0.0,0.0,0,0
8683,3,42.96,52.0,35.0,128.88,0,0
8666,6,35.98,114.0,0.79,215.88,0,0
8686,3,71.33,101.0,24.99,213.99,0,0
8675,2,44.225,46.95,41.5,88.45,0,0
8659,6,23.048333333333332,58.0,0.1,138.29,0,0
8680,1,36.99,36.99,36.99,36.99,0,0
8657,0,0.0,0.0,0.0,0.0,0,0
8668,3,100.99666666666667,124.0,70.0,302.99,0,0
8679,1,28.0,28.0,28.0,28.0,0,0
8698,5,52.803999999999995,79.99,0.05,264.02,0,0
8685,0,0.0,0.0,0.0,0.0,0,0
8684,1,18.0,18.0,18.0,18.0,0,0
8677,1,0.448,0.448,0.448,0.448,0,0
8681,2,73.0,145.0,1.0,146.0,0,0
8676,4,2.4525,5.95,0.4,9.81,0,0
8671,8,59.8175,82.95,36.99,478.54,0,0
8654,1,49.0,49.0,49.0,49.0,0,0
8670,4,78.985,107.99,60.0,315.94,0,0
8693,6,61.17666666666667,144.0,0.99,367.06,0,0
8664,0,0.0,0.0,0.0,0.0,0,0
8682,9,31.874444444444446,129.9,2.19,286.87,0,0
8678,0,0.0,0.0,0.0,0.0,0,0
8660,0,0.0,0.0,0.0,0.0,0,0
8687,4,9.7975,16.0,0.19,39.19,0,0
8653,9,57.173333333333325,86.0,6.56,514.56,0,0
8696,5,44.698,130.0,6.0,223.49,0,0
8661,2,28.450000000000003,30.89,26.01,56.900000000000006,0,0
8672,2,35.0,49.0,21.0,70.0,0,0
8699,0,0.0,0.0,0.0,0.0,0,0
8695,3,63.38333333333333,96.9,0.25,190.15,0,0
8702,5,71.41799999999999,108.0,0.1,357.09,0,0
8665,1,23.0,23.0,23.0,23.0,0,0
8692,3,31.273333333333337,93.12,0.25,93.82000000000001,0,0
8662,4,45.45,79.5,3.5,181.8,0,0
8690,4,76.325,147.0,0.3,305.3,0,0
8647,1,21.97,21.97,21.97,21.97,0,0
8635,8,26.16625,62.0,0.25,209.33,0,0
8603,2,30.0,30.0,30.0,60.0,0,0
8604,8,39.345,85.0,18.4,314.76,0,0
8648,10,47.007999999999996,81.5,22.75,470.08,0,0
8617,3,111.66333333333334,145.0,80.0,334.99,0,0
8618,0,0.0,0.0,0.0,0.0,0,0
8645,2,76.975,78.0,75.95,153.95,0,0
8622,3,16.1633359,28.5,7.7e-06,48.4900077,0,0
8652,0,0.0,0.0,0.0,0.0,0,0
8649,2,27.785,55.0,0.57,55.57,0,0
8651,4,51.915,66.66,40.0,207.66,0,0
8632,2,62.575,66.66,58.49,125.15,0,0
8613,2,25.0,25.0,25.0,50.0,0,0
8615,2,65.67500000000001,66.4,64.95,131.35000000000002,0,0
8640,1,0.05,0.05,0.05,0.05,0,0
8643,7,49.24285714285714,79.0,20.0,344.7,0,0
8625,0,0.0,0.0,0.0,0.0,0,0
8630,2,0.22,0.25,0.19,0.44,0,0
8605,3,50.29666666666666,55.9,39.99,150.89,0,0
8606,1,42.0,42.0,42.0,42.0,0,0
8642,1,27.75,27.75,27.75,27.75,0,0
8633,0,0.0,0.0,0.0,0.0,0,0
8628,0,0.0,0.0,0.0,0.0,0,0
8627,1,28.49,28.49,28.49,28.49,0,0
8608,2,60.745000000000005,71.5,49.99,121.49000000000001,0,0
8631,0,0.0,0.0,0.0,0.0,0,0
8624,1,74.99,74.99,74.99,74.99,0,0
8616,1,0.7,0.7,0.7,0.7,0,0
8650,0,0.0,0.0,0.0,0.0,0,0
8639,7,62.879999999999995,180.0,12.5,440.15999999999997,0,0
8623,1,24.49,24.49,24.49,24.49,0,0
8634,5,30.233999999999998,54.69,18.99,151.17,0,0
8644,5,29.73,44.9,9.5,148.65,0,0
8629,0,0.0,0.0,0.0,0.0,0,0
8646,3,28.05333333333333,43.85,0.32,84.16,0,0
8620,3,350.0,400.0,275.0,1050.0,0,0
8626,1,30.29,30.29,30.29,30.29,0,0
8609,4,69.3625,108.0,1.0,277.45,0,0
8638,0,0.0,0.0,0.0,0.0,0,0
8636,4,51.9525,73.9,29.0,207.81,0,0
8610,0,0.0,0.0,0.0,0.0,0,0
8612,7,72.74,98.75,36.99,509.18,0,0
8619,7,54.257842857142855,64.0,40.0,379.8049,0,0
8614,1,29.3,29.3,29.3,29.3,0,0
8607,1,22.5,22.5,22.5,22.5,0,0
8641,3,31.155555555555555,66.66666666666667,4.8,93.46666666666667,0,0
8621,1,22.49,22.49,22.49,22.49,0,0
8637,4,69.3,94.02,16.8,277.2,0,0
8589,0,0.0,0.0,0.0,0.0,0,0
8556,2,0.485,0.72,0.25,0.97,0,0
8553,0,0.0,0.0,0.0,0.0,0,0
8597,6,60.81666666666666,73.95,44.0,364.9,0,0
8584,2,0.75,1.0,0.5,1.5,0,0
8579,0,0.0,0.0,0.0,0.0,0,0
8582,3,30.96666666666667,35.5,24.45,92.9,0,0
8583,4,25.4925,70.0,0.1,101.97,0,0
8587,2,0.155,0.23,0.08,0.31,0,0
8557,1,36.0,36.0,36.0,36.0,0,0
8595,6,68.39,145.0,0.65,410.34,0,0
8594,3,55.56333333333333,69.69,36.0,166.69,0,0
8566,0,0.0,0.0,0.0,0.0,0,0
8602,6,52.98,115.0,18.99,317.88,0,0
8600,2,34.735,45.99,23.48,69.47,0,0
8555,0,0.0,0.0,0.0,0.0,0,0
8570,3,47.830000000000005,57.49,29.0,143.49,0,0
8572,1,85.0,85.0,85.0,85.0,0,0
8576,5,111.196,199.99,7.0,555.98,0,0
8601,4,73.2475,125.0,28.99,292.99,0,0
8575,3,65.08333333333333,170.0,9.5,195.25,0,0
8578,0,0.0,0.0,0.0,0.0,0,0
8596,0,0.0,0.0,0.0,0.0,0,0
8559,5,32.588,57.0,14.1,162.94,0,0
8591,8,53.355,85.95,1.2,426.84,0,0
8565,14,47.43035,79.0,22.79,664.0249,0,0
8558,6,50.31666666666666,105.0,25.5,301.9,0,0
8562,8,43.57625,105.0,0.18,348.61,0,0
8571,4,14.024999999999999,29.99,0.55,56.099999999999994,0,0
8590,0,0.0,0.0,0.0,0.0,0,0
8563,0,0.0,0.0,0.0,0.0,0,0
8567,1,19.99,19.99,19.99,19.99,0,0
8580,4,49.7625,66.66,42.65,199.05,0,0
8554,0,0.0,0.0,0.0,0.0,0,0
8585,2,68.82,71.95,65.69,137.64,0,0
8573,4,17.3675,22.0,11.97,69.47,0,0
8560,4,39.9025,76.61,14.25,159.61,0,0
8569,5,84.59400000000001,164.99,34.99,422.97,0,0
8574,2,37.3,39.5,35.1,74.6,0,0
8577,7,56.71142857142858,89.99,37.0,396.98,0,0
8581,0,0.0,0.0,0.0,0.0,0,0
8598,3,77.35000000000001,121.95,0.1,232.05,0,0
8593,3,69.49666666666667,110.0,18.5,208.49,0,0
8568,0,0.0,0.0,0.0,0.0,0,0
8599,2,88.9,92.8,85.0,177.8,0,0
8592,0,0.0,0.0,0.0,0.0,0,0
8588,0,0.0,0.0,0.0,0.0,0,0
8561,5,39.35,49.0,33.8,196.75,0,0
8586,11,44.60181818181818,117.69,0.1,490.62,0,0
8564,3,28.333333333333332,32.0,25.0,85.0,0,0
8498,2,4.495,5.0,3.99,8.99,0,0
8547,2,86.5,104.0,69.0,173.0,0,0
8461,3,64.89666666666666,95.0,29.69,194.69,0,0
8488,10,37.858999999999995,72.9,0.27,378.59,0,0
8483,1,26.0,26.0,26.0,26.0,0,0
8454,11,57.1,101.0,27.0,628.1,0,0
8475,12,38.49333333333333,95.0,0.05,461.92,0,0
8509,2,0.535,0.85,0.22,1.07,0,0
8550,2,219.69,269.69,169.69,439.38,0,0
8455,2,35.059999999999995,69.99,0.13,70.11999999999999,0,0
8457,12,54.88158333333333,125.0,2.9,658.579,0,0
8469,2,53.215,71.44,34.99,106.43,0,0
8529,0,0.0,0.0,0.0,0.0,0,0
8458,13,52.76984615384616,120.0,0.06,686.008,0,0
8527,1,0.1,0.1,0.1,0.1,0,0
8531,2,687.5,825.0,550.0,1375.0,0,0
8467,0,0.0,0.0,0.0,0.0,0,0
8474,4,47.0,95.0,30.0,188.0,0,0
8506,0,0.0,0.0,0.0,0.0,0,0
8532,1,110.0,110.0,110.0,110.0,0,0
8487,1,0.7,0.7,0.7,0.7,0,0
8526,8,11.69125,24.99,0.1,93.53,0,0
8504,4,17.5,24.75,9.75,70.0,0,0
8546,4,133.4975,211.0,49.99,533.99,0,0
8470,4,64.975,90.0,50.0,259.9,0,0
8460,4,66.0,86.0,32.0,264.0,0,0
8480,5,65.066,84.44,42.0,325.33,0,0
8510,2,20.244999999999997,31.99,8.5,40.489999999999995,0,0
8543,1,1.0,1.0,1.0,1.0,0,0
8473,3,144.98333333333332,150.0,140.0,434.95,0,0
8497,5,39.018,63.8,21.49,195.09,0,0
8453,3,54.0,130.0,16.0,162.0,0,0
8502,0,0.0,0.0,0.0,0.0,0,0
8545,0,0.0,0.0,0.0,0.0,0,0
8507,1,0.05,0.05,0.05,0.05,0,0
8494,4,33.05,86.95,0.79,132.2,0,0
8479,6,41.43666666666667,66.48,19.99,248.62,0,0
8464,12,44.185833333333335,64.5,16.75,530.23,0,0
8505,0,0.0,0.0,0.0,0.0,0,0
8481,10,52.464,155.0,19.0,524.64,0,0
8542,8,42.145,70.5,0.79,337.16,0,0
8530,6,49.33166666666667,88.0,24.0,295.99,0,0
8465,1,0.27,0.27,0.27,0.27,0,0
8541,0,0.0,0.0,0.0,0.0,0,0
8537,4,92.6725,136.69,50.0,370.69,0,0
8476,4,35.691225,37.69,31.0,142.7649,0,0
8548,4,29.13,47.3,20.5,116.52,0,0
8534,1,15.0,15.0,15.0,15.0,0,0
8540,9,36.27444444444444,84.99,0.89,326.46999999999997,0,0
8520,1,14.0,14.0,14.0,14.0,0,0
8490,3,9.98,21.3,3.15,29.94,0,0
8471,4,98.4825,110.0,79.95,393.93,0,0
8528,0,0.0,0.0,0.0,0.0,0,0
8523,2,0.325469736087206,0.55,0.10093947217441193,0.650939472174412,0,0
8485,4,23.7475,37.0,0.5,94.99,0,0
8468,1,33.99,33.99,33.99,33.99,0,0
8472,2,415.0,700.0,130.0,830.0,0,0
8477,1,0.2,0.2,0.2,0.2,0,0
8549,1,0.5,0.5,0.5,0.5,0,0
8456,4,15.605,22.94,1.5,62.42,0,0
8538,2,67.0,90.0,44.0,134.0,0,0
8496,0,0.0,0.0,0.0,0.0,0,0
8513,4,4.88,18.25,0.25,19.52,0,0
8522,1,33.9,33.9,33.9,33.9,0,0
8500,5,59.79600000000001,68.99,40.0,298.98,0,0
8501,4,23.717475,24.98,22.4999,94.8699,0,0
8515,5,69.658,156.9,0.39,348.29,0,0
8524,3,18.283333333333335,28.0,0.35,54.85,0,0
8533,1,0.49,0.49,0.49,0.49,0,0
8517,1,0.25,0.25,0.25,0.25,0,0
8514,7,35.8141576855891,50.0,14.0,250.6991037991237,0,0
8521,2,27.99,55.48,0.5,55.98,0,0
8503,1,1.39,1.39,1.39,1.39,0,0
8492,6,51.33166666666667,87.0,12.99,307.99,0,0
8495,4,10.7725,25.0,1.2,43.09,0,0
8463,3,40.24666666666667,58.0,27.0,120.74000000000001,0,0
8536,4,12.12,47.0,0.25,48.48,0,0
8489,1,15.0,15.0,15.0,15.0,0,0
8516,2,15.205,30.0,0.41,30.41,0,0
8552,2,69.5,95.0,44.0,139.0,0,0
8544,5,24.270000000000003,45.85,4.0,121.35000000000001,0,0
8508,9,23.33388888888889,121.0,1.2,210.005,0,0
8511,5,27.53,58.0,1.4,137.65,0,0
8478,1,28.0,28.0,28.0,28.0,0,0
8519,6,31.476666666666663,114.5,4.9,188.85999999999999,0,0
8493,0,0.0,0.0,0.0,0.0,0,0
8462,2,59.44,88.88,30.0,118.88,0,0
8512,3,3.1633333333333336,4.49,1.2,9.49,0,0
8539,2,32.99495,39.0,26.9899,65.9899,0,0
8525,4,61.2225,78.0,35.0,244.89,0,0
8551,2,97.975,100.0,95.95,195.95,0,0
8459,2,26.65,28.5,24.8,53.3,0,0
8466,3,47.47666666666667,98.5,21.94,142.43,0,0
8484,1,84.84,84.84,84.84,84.84,0,0
8486,0,0.0,0.0,0.0,0.0,0,0
8499,0,0.0,0.0,0.0,0.0,0,0
8491,0,0.0,0.0,0.0,0.0,0,0
8518,6,43.11833333333333,71.49,4.6,258.71,0,0
8482,0,0.0,0.0,0.0,0.0,0,0
8535,3,57.63333333333333,68.0,50.0,172.9,0,0
8374,1,165.0,165.0,165.0,165.0,0,0
8444,7,36.497142857142855,66.45,0.5,255.48,0,0
8400,0,0.0,0.0,0.0,0.0,0,0
8452,0,0.0,0.0,0.0,0.0,0,0
8397,0,0.0,0.0,0.0,0.0,0,0
8388,0,0.0,0.0,0.0,0.0,0,0
8416,2,62.795,66.0,59.59,125.59,0,0
8436,5,11.108,24.5,4.25,55.54,0,0
8375,7,67.56714285714285,134.5,21.0,472.97,0,0
8370,2,72.88499999999999,77.77,68.0,145.76999999999998,0,0
8412,0,0.0,0.0,0.0,0.0,0,0
8398,2,72.875,74.25,71.5,145.75,0,0
8357,9,51.132222222222225,115.0,0.99,460.19,0,0
8446,4,63.375,100.0,24.0,253.5,0,0
8411,1,15.0,15.0,15.0,15.0,0,0
8372,8,28.71375,40.49,21.25,229.71,0,0
8395,7,7.988571428571428,30.0,0.15,55.92,0,0
8369,0,0.0,0.0,0.0,0.0,0,0
8378,7,72.33428571428571,109.99,15.0,506.34000000000003,0,0
8363,5,22.578,26.0,18.9,112.89,0,0
8376,7,38.23714285714285,82.99,0.6,267.65999999999997,0,0
8451,3,23.8,32.0,14.4,71.4,0,0
8354,0,0.0,0.0,0.0,0.0,0,0
8442,2,48.885000000000005,96.98,0.79,97.77000000000001,0,0
8438,5,31.945999999999998,44.8,3.5,159.73,0,0
8367,2,73.995,99.0,48.99,147.99,0,0
8392,4,119.995,125.0,115.0,479.98,0,0
8433,4,13.60125,38.125,0.1,54.405,0,0
8386,0,0.0,0.0,0.0,0.0,0,0
8428,4,23.0699975,41.48,11.99999,92.27999,0,0
8441,0,0.0,0.0,0.0,0.0,0,0
8389,11,13.648181818181818,28.95,0.25,150.13,0,0
8391,0,0.0,0.0,0.0,0.0,0,0
8384,4,42.6275,47.94,34.99,170.51,0,0
8450,1,50.99,50.99,50.99,50.99,0,0
8419,5,51.965999999999994,79.95,23.5,259.83,0,0
8417,1,0.4,0.4,0.4,0.4,0,0
8379,5,17.81,58.99,0.86,89.05,0,0
8364,2,50.495000000000005,51.0,49.99,100.99000000000001,0,0
8390,1,0.2,0.2,0.2,0.2,0,0
8362,1,65.65,65.65,65.65,65.65,0,0
8445,1,350.0,350.0,350.0,350.0,0,0
8393,7,84.81285714285715,169.0,27.0,593.69,0,0
8427,4,24.095,37.89,6.0,96.38,0,0
8358,5,12.946000000000002,24.88,2.97,64.73,0,0
8448,1,6.9999,6.9999,6.9999,6.9999,0,0
8440,3,56.166666666666664,90.0,13.5,168.5,0,0
8434,1,0.5,0.5,0.5,0.5,0,0
8408,4,21.2725,39.0,2.29,85.09,0,0
8403,1,2.0,2.0,2.0,2.0,0,0
8432,2,0.055,0.1,0.01,0.11,0,0
8368,0,0.0,0.0,0.0,0.0,0,0
8423,7,41.38285714285714,89.95,0.79,289.68,0,0
8355,7,61.785714285714285,81.95,41.1,432.5,0,0
8407,7,92.92714285714285,120.0,1.5,650.49,0,0
8373,1,26.0,26.0,26.0,26.0,0,0
8382,0,0.0,0.0,0.0,0.0,0,0
8360,3,72.33333333333333,110.0,51.0,217.0,0,0
8449,2,22.869999999999997,25.75,19.99,45.739999999999995,0,0
8404,0,0.0,0.0,0.0,0.0,0,0
8381,13,45.94461538461538,88.0,19.5,597.28,0,0
8371,0,0.0,0.0,0.0,0.0,0,0
8420,3,215.54666666666665,300.0,149.95,646.64,0,0
8447,0,0.0,0.0,0.0,0.0,0,0
8402,1,0.79,0.79,0.79,0.79,0,0
8385,4,27.1725,43.98,0.51,108.69,0,0
8429,6,21.153333333333332,47.0,0.1,126.92,0,0
8359,2,196.5,250.0,143.0,393.0,0,0
8356,1,0.35,0.35,0.35,0.35,0,0
8387,1,1.0,1.0,1.0,1.0,0,0
8365,3,116.64999999999999,195.0,55.0,349.95,0,0
8421,0,0.0,0.0,0.0,0.0,0,0
8399,3,34.83,54.0,24.49,104.49,0,0
8353,0,0.0,0.0,0.0,0.0,0,0
8424,6,46.07170383333334,138.5,0.000223,276.430223,0,0
8377,0,0.0,0.0,0.0,0.0,0,0
8361,1,29.99,29.99,29.99,29.99,0,0
8394,5,19.29,26.0,8.5,96.45,0,0
8443,0,0.0,0.0,0.0,0.0,0,0
8425,2,0.47,0.59,0.35,0.94,0,0
8418,1,51.5,51.5,51.5,51.5,0,0
8409,10,31.57999,65.0,2.9,315.7999,0,0
8410,2,53.595,69.69,37.5,107.19,0,0
8426,1,150.0,150.0,150.0,150.0,0,0
8435,7,59.63428571428572,94.99,25.5,417.44,0,0
8405,2,32.495000000000005,49.99,15.0,64.99000000000001,0,0
8406,2,55.55,111.0,0.1,111.1,0,0
8415,0,0.0,0.0,0.0,0.0,0,0
8413,1,58.499,58.499,58.499,58.499,0,0
8437,6,65.43166666666666,155.0,0.1,392.59,0,0
8422,0,0.0,0.0,0.0,0.0,0,0
8431,5,36.498,81.99,0.7,182.48999999999998,0,0
8366,2,47.545,95.0,0.09,95.09,0,0
8383,3,17.96666666666667,35.45,2.96,53.900000000000006,0,0
8439,0,0.0,0.0,0.0,0.0,0,0
8380,4,25.814999999999998,35.0,18.88,103.25999999999999,0,0
8396,6,40.15833333333333,101.0,5.29,240.95,0,0
8430,1,15.0,15.0,15.0,15.0,0,0
8401,4,14.465,36.0,0.75,57.86,0,0
8414,2,1.05,1.5,0.6,2.1,0,0
8330,1,0.69,0.69,0.69,0.69,0,0
8328,0,0.0,0.0,0.0,0.0,0,0
8314,0,0.0,0.0,0.0,0.0,0,0
8312,3,0.47333333333333333,0.54,0.35,1.42,0,0
8327,2,13.425,25.85,1.0,26.85,0,0
8306,3,42.36666666666667,54.6,18.0,127.1,0,0
8317,1,12.0,12.0,12.0,12.0,0,0
8331,7,21.349999999999998,44.0,0.3,149.45,0,0
8350,0,0.0,0.0,0.0,0.0,0,0
8332,6,47.830000000000005,69.99,0.74,286.98,0,0
8308,2,30.05,59.0,1.1,60.1,0,0
8310,0,0.0,0.0,0.0,0.0,0,0
8311,0,0.0,0.0,0.0,0.0,0,0
8352,1,27.99,27.99,27.99,27.99,0,0
8345,3,31.66333333333333,35.0,28.0,94.99,0,0
8325,6,27.026666666666667,49.98,0.19,162.16,0,0
8320,5,48.43,71.95,14.0,242.15,0,0
8338,0,0.0,0.0,0.0,0.0,0,0
8313,2,1.62,1.99,1.25,3.24,0,0
8339,2,87.39500000000001,95.0,79.79,174.79000000000002,0,0
8335,10,36.80869,65.99,3.0,368.0869,0,0
8321,6,44.165,58.99,27.5,264.99,0,0
8343,4,24.5375,69.0,0.25,98.15,0,0
8307,0,0.0,0.0,0.0,0.0,0,0
8316,0,0.0,0.0,0.0,0.0,0,0
8346,0,0.0,0.0,0.0,0.0,0,0
8329,0,0.0,0.0,0.0,0.0,0,0
8315,7,43.03857142857142,99.99,2.99,301.27,0,0
8336,4,33.0475,34.69,32.0,132.19,0,0
8347,0,0.0,0.0,0.0,0.0,0,0
8334,11,67.53272727272727,118.0,34.5,742.86,0,0
8349,0,0.0,0.0,0.0,0.0,0,0
8333,2,81.5,90.0,73.0,163.0,0,0
8337,0,0.0,0.0,0.0,0.0,0,0
8344,1,100.0,100.0,100.0,100.0,0,0
8348,3,37.63333333333333,85.0,1.5,112.9,0,0
8322,5,31.451999999999998,114.99,0.55,157.26,0,0
8351,4,24.2225,26.8,21.99,96.89,0,0
8341,3,9.396666666666667,19.9,3.4,28.189999999999998,0,0
8342,1,31.0,31.0,31.0,31.0,0,0
8318,0,0.0,0.0,0.0,0.0,0,0
8323,1,88.88,88.88,88.88,88.88,0,0
8340,4,36.3375,40.88,28.99,145.35,0,0
8305,2,255.0,260.0,250.0,510.0,0,0
8324,0,0.0,0.0,0.0,0.0,0,0
8326,8,63.144999999999996,123.99,0.35,505.15999999999997,0,0
8304,0,0.0,0.0,0.0,0.0,0,0
8319,0,0.0,0.0,0.0,0.0,0,0
8303,2,5.25,9.0,1.5,10.5,0,0
8264,2,34.245000000000005,35.49,33.0,68.49000000000001,0,0
8258,1,60.0,60.0,60.0,60.0,0,0
8299,3,108.21333333333332,199.0,60.0,324.64,0,0
8275,2,0.5,0.65,0.35,1.0,0,0
8253,3,17.94,28.25,0.57,53.82,0,0
8256,1,0.27,0.27,0.27,0.27,0,0
8267,1,0.85,0.85,0.85,0.85,0,0
8283,0,0.0,0.0,0.0,0.0,0,0
8266,1,70.9,70.9,70.9,70.9,0,0
8260,0,0.0,0.0,0.0,0.0,0,0
8285,13,51.426923076923075,77.75,0.25,668.55,0,0
8302,5,25.645999999999997,52.0,0.25,128.23,0,0
8280,4,10.06,28.69,0.05,40.24,0,0
8265,0,0.0,0.0,0.0,0.0,0,0
8276,3,23.396666666666665,69.69,0.1,70.19,0,0
8257,0,0.0,0.0,0.0,0.0,0,0
8277,0,0.0,0.0,0.0,0.0,0,0
8291,1,0.16,0.16,0.16,0.16,0,0
8298,4,13.275,32.0,0.1,53.1,0,0
8268,1,29.0,29.0,29.0,29.0,0,0
8289,1,0.1,0.1,0.1,0.1,0,0
8261,2,72.0,79.0,65.0,144.0,0,0
8286,2,111.185,115.0,107.37,222.37,0,0
8262,4,12.0325,29.0,1.3,48.13,0,0
8288,7,34.75212857142857,67.0,0.1,243.2649,0,0
8263,3,114.99333333333334,170.0,49.98,344.98,0,0
8270,6,72.89999999999999,110.0,39.5,437.4,0,0
8274,9,26.773333333333333,130.0,0.25,240.96,0,0
8294,5,47.708,79.0,25.0,238.54,0,0
8300,1,0.7,0.7,0.7,0.7,0,0
8259,1,41.0,41.0,41.0,41.0,0,0
8271,1,22.97,22.97,22.97,22.97,0,0
8287,1,23.97,23.97,23.97,23.97,0,0
8278,4,51.35,90.0,0.45,205.4,0,0
8279,3,6.549966666666666,11.25,1.4999,19.6499,0,0
8281,0,0.0,0.0,0.0,0.0,0,0
8255,1,0.39,0.39,0.39,0.39,0,0
8254,1,1.3,1.3,1.3,1.3,0,0
8290,0,0.0,0.0,0.0,0.0,0,0
8301,1,0.14,0.14,0.14,0.14,0,0
8296,2,82.5,110.0,55.0,165.0,0,0
8295,4,125.91,155.0,54.69,503.64,0,0
8282,5,22.7892,42.666,0.5,113.946,0,0
8272,0,0.0,0.0,0.0,0.0,0,0
8284,3,4.8566666666666665,12.0,0.57,14.57,0,0
8297,0,0.0,0.0,0.0,0.0,0,0
8273,3,18.966666666666665,24.5,9.1,56.9,0,0
8293,0,0.0,0.0,0.0,0.0,0,0
8292,5,62.428,125.0,16.0,312.14,0,0
8269,3,71.73333333333333,104.2,42.0,215.2,0,0
8220,6,55.88833333333333,88.88,13.0,335.33,0,0
8215,6,19.525000000000002,55.0,0.1,117.15,0,0
8235,4,71.06,124.24,32.0,284.24,0,0
8244,1,0.09,0.09,0.09,0.09,0,0
8240,2,57.12,68.74,45.5,114.24,0,0
8204,2,75.84,76.69,74.99,151.68,0,0
8226,5,5.848,23.45,1.1,29.24,0,0
8233,6,58.449999999999996,109.0,0.2,350.7,0,0
8236,1,125.0,125.0,125.0,125.0,0,0
8242,5,21.25,35.0,8.5,106.25,0,0
8216,2,0.6699999999999999,0.69,0.65,1.3399999999999999,0,0
8207,0,0.0,0.0,0.0,0.0,0,0
8206,0,0.0,0.0,0.0,0.0,0,0
8208,3,34.96666666666667,67.0,15.9,104.9,0,0
8214,3,55.29666666666666,99.0,0.29,165.89,0,0
8203,1,65.0,65.0,65.0,65.0,0,0
8222,0,0.0,0.0,0.0,0.0,0,0
8221,2,45.745000000000005,48.99,42.5,91.49000000000001,0,0
8205,9,47.06333333333333,99.69,0.5,423.57,0,0
8250,2,69.925,139.5,0.35,139.85,0,0
8217,0,0.0,0.0,0.0,0.0,0,0
8252,1,0.51,0.51,0.51,0.51,0,0
8224,3,6.116666666666666,17.95,0.15,18.349999999999998,0,0
8241,1,0.23,0.23,0.23,0.23,0,0
8251,1,0.65,0.65,0.65,0.65,0,0
8238,8,40.915,66.49,0.98,327.32,0,0
8247,4,47.7,91.0,6.0,190.8,0,0
8245,0,0.0,0.0,0.0,0.0,0,0
8246,2,1.12,1.99,0.25,2.24,0,0
8239,2,50.075,100.0,0.15,100.15,0,0
8225,0,0.0,0.0,0.0,0.0,0,0
8211,1,0.53,0.53,0.53,0.53,0,0
8232,0,0.0,0.0,0.0,0.0,0,0
8212,5,26.458,37.99,7.8,132.29,0,0
8227,2,13.84,18.8,8.88,27.68,0,0
8210,1,27.5,27.5,27.5,27.5,0,0
8248,0,0.0,0.0,0.0,0.0,0,0
8243,0,0.0,0.0,0.0,0.0,0,0
8249,8,34.3575,66.5,0.18,274.86,0,0
8234,1,0.15,0.15,0.15,0.15,0,0
8231,1,0.05,0.05,0.05,0.05,0,0
8228,0,0.0,0.0,0.0,0.0,0,0
8230,3,80.12666666666667,129.99,0.39,240.38,0,0
8237,10,21.4949,46.25,0.05,214.949,0,0
8219,0,0.0,0.0,0.0,0.0,0,0
8218,0,0.0,0.0,0.0,0.0,0,0
8229,1,0.49,0.49,0.49,0.49,0,0
8213,4,17.125,22.0,13.5,68.5,0,0
8209,3,7.993333333333333,23.5,0.18,23.98,0,0
8223,0,0.0,0.0,0.0,0.0,0,0
8179,1,33.33,33.33,33.33,33.33,0,0
8201,4,33.9825,54.97,25.0,135.93,0,0
8170,1,49.0,49.0,49.0,49.0,0,0
8196,3,19.66,29.99,5.0,58.98,0,0
8171,4,23.932499999999997,25.25,20.5,95.72999999999999,0,0
8186,10,46.608,59.99,31.95,466.08,0,0
8162,0,0.0,0.0,0.0,0.0,0,0
8168,4,44.7475,65.0,19.0,178.99,0,0
8200,0,0.0,0.0,0.0,0.0,0,0
8159,0,0.0,0.0,0.0,0.0,0,0
8194,0,0.0,0.0,0.0,0.0,0,0
8163,3,25.03,48.0,1.5,75.09,0,0
8172,2,23.535,23.75,23.32,47.07,0,0
8158,7,20.642857142857142,57.0,0.3,144.5,0,0
8160,0,0.0,0.0,0.0,0.0,0,0
8180,4,36.7975,54.94,19.5,147.19,0,0
8173,5,36.089999999999996,48.5,22.95,180.45,0,0
8176,6,90.57266666666665,138.88,19.25,543.4359999999999,0,0
8183,3,34.48,96.69,0.25,103.44,0,0
8199,1,23.98,23.98,23.98,23.98,0,0
8164,5,2.192,5.0,0.99,10.96,0,0
8155,0,0.0,0.0,0.0,0.0,0,0
8185,6,42.38166666666667,100.0,19.0,254.29,0,0
8187,4,49.47475,98.0,1.95,197.899,0,0
8197,1,22.4,22.4,22.4,22.4,0,0
8188,9,36.855555555555554,102.0,0.65,331.7,0,0
8175,6,51.715,82.5,21.0,310.29,0,0
8157,2,0.94,0.99,0.89,1.88,0,0
8166,1,22.99,22.99,22.99,22.99,0,0
8195,4,0.3,0.5,0.1,1.2,0,0
8190,2,0.67,0.79,0.55,1.34,0,0
8174,5,36.238,47.5,29.94,181.19,0,0
8193,0,0.0,0.0,0.0,0.0,0,0
8192,5,35.884,59.5,21.99,179.42,0,0
8198,2,21.1,21.7,20.5,42.2,0,0
8167,1,69.69,69.69,69.69,69.69,0,0
8181,1,85.0,85.0,85.0,85.0,0,0
8189,2,0.94,0.98,0.9,1.88,0,0
8153,6,77.56,127.49,9.0,465.36,0,0
8169,2,29.0,30.0,28.0,58.0,0,0
8177,5,18.35,23.0,14.0,91.75,0,0
8191,3,233.06896666666663,310.0,105.0,699.2068999999999,0,0
8154,7,52.25285714285714,74.77,21.0,365.77,0,0
8182,11,59.442727272727275,159.0,36.0,653.87,0,0
8156,3,100.0,125.0,80.0,300.0,0,0
8178,12,45.708333333333336,85.0,0.49,548.5,0,0
8161,0,0.0,0.0,0.0,0.0,0,0
8202,1,27.99,27.99,27.99,27.99,0,0
8184,0,0.0,0.0,0.0,0.0,0,0
8165,1,85.88,85.88,85.88,85.88,0,0
8105,0,0.0,0.0,0.0,0.0,0,0
8111,0,0.0,0.0,0.0,0.0,0,0
8151,4,30.5975,40.7,9.49,122.39,0,0
8115,2,84.995,89.99,80.0,169.99,0,0
8132,3,1.97,5.2,0.25,5.91,0,0
8118,0,0.0,0.0,0.0,0.0,0,0
8121,2,85.475,88.0,82.95,170.95,0,0
8143,3,21.666666666666668,22.5,21.0,65.0,0,0
8110,2,80.25,88.5,72.0,160.5,0,0
8136,0,0.0,0.0,0.0,0.0,0,0
8123,3,34.123333333333335,62.0,0.11,102.37,0,0
8103,2,20.75,30.0,11.5,41.5,0,0
8125,2,4.265,8.0,0.53,8.53,0,0
8134,2,2.495,3.99,1.0,4.99,0,0
8133,1,0.08,0.08,0.08,0.08,0,0
8108,4,5.035,14.88,0.91,20.14,0,0
8116,6,50.48166666666666,107.0,23.5,302.89,0,0
8117,0,0.0,0.0,0.0,0.0,0,0
8148,2,50.75,67.0,34.5,101.5,0,0
8126,1,50.5,50.5,50.5,50.5,0,0
8119,0,0.0,0.0,0.0,0.0,0,0
8140,2,23.5,28.5,18.5,47.0,0,0
8120,0,0.0,0.0,0.0,0.0,0,0
8107,1,2.9,2.9,2.9,2.9,0,0
8131,4,83.125,92.0,72.0,332.5,0,0
8149,4,38.92,51.69,24.0,155.68,0,0
8137,0,0.0,0.0,0.0,0.0,0,0
8122,2,54.99,105.0,4.98,109.98,0,0
8150,4,39.97,53.6,8.79,159.88,0,0
8124,9,55.29666666666667,195.0,0.3,497.67,0,0
8129,2,33.25,35.0,31.5,66.5,0,0
8113,6,52.68833333333333,82.14,24.0,316.13,0,0
8106,3,34.35333333333333,45.99,27.5,103.06,0,0
8130,4,24.2925,94.98,0.49,97.17,0,0
8142,1,0.3,0.3,0.3,0.3,0,0
8146,4,10.345,30.0,0.38,41.38,0,0
8135,4,23.0,32.0,1.25,92.0,0,0
8128,0,0.0,0.0,0.0,0.0,0,0
8141,2,66.42500000000001,79.9,52.95,132.85000000000002,0,0
8152,1,0.05,0.05,0.05,0.05,0,0
8112,0,0.0,0.0,0.0,0.0,0,0
8139,6,38.20854719907508,52.079904988719925,5.87,229.25128319445045,0,0
8147,1,95.0,95.0,95.0,95.0,0,0
8114,0,0.0,0.0,0.0,0.0,0,0
8145,1,28.97,28.97,28.97,28.97,0,0
8127,0,0.0,0.0,0.0,0.0,0,0
8144,3,37.666666666666664,46.5,33.0,113.0,0,0
8109,6,37.115,49.5,16.5,222.69,0,0
8138,0,0.0,0.0,0.0,0.0,0,0
8104,3,35.163333333333334,57.95,0.54,105.49000000000001,0,0
8073,0,0.0,0.0,0.0,0.0,0,0
8071,3,23.540000000000003,70.0,0.25,70.62,0,0
8054,11,43.048181818181824,78.0,0.53,473.53000000000003,0,0
8060,1,0.3,0.3,0.3,0.3,0,0
8089,5,39.312,77.5,17.99,196.56,0,0
8091,15,60.68912666666667,119.99,0.3,910.3369,0,0
8097,1,29.998,29.998,29.998,29.998,0,0
8067,4,47.1,71.5,20.5,188.4,0,0
8098,3,23.933333333333334,70.0,0.3,71.8,0,0
8077,0,0.0,0.0,0.0,0.0,0,0
8074,0,0.0,0.0,0.0,0.0,0,0
8065,2,62.85,125.0,0.7,125.7,0,0
8068,10,89.534,149.5,59.99,895.34,0,0
8084,1,50.0,50.0,50.0,50.0,0,0
8062,6,28.14,105.0,0.9,168.84,0,0
8057,3,51.660000000000004,80.0,34.99,154.98000000000002,0,0
8055,0,0.0,0.0,0.0,0.0,0,0
8069,3,16.083333333333332,25.45,0.3,48.25,0,0
8088,4,71.65125,93.0,54.0,286.605,0,0
8053,4,83.2475,139.0,54.99,332.99,0,0
8095,8,29.548750000000002,69.95,0.25,236.39000000000001,0,0
8076,2,41.96,54.96,28.96,83.92,0,0
8085,1,0.431,0.431,0.431,0.431,0,0
8096,6,101.10666666666667,120.0,73.69,606.64,0,0
8094,0,0.0,0.0,0.0,0.0,0,0
8083,7,85.26142857142858,144.99,35.0,596.83,0,0
8093,1,0.32,0.32,0.32,0.32,0,0
8099,1,0.3055556,0.3055556,0.3055556,0.3055556,0,0
8101,5,65.17999999999999,81.01,55.0,325.9,0,0
8061,7,32.20142857142857,100.0,0.25,225.41,0,0
8102,0,0.0,0.0,0.0,0.0,0,0
8092,3,13.213333333333333,39.0,0.25,39.64,0,0
8056,0,0.0,0.0,0.0,0.0,0,0
8086,4,54.11,79.0,28.99,216.44,0,0
8078,3,43.95000000000001,65.01,22.25,131.85000000000002,0,0
8063,0,0.0,0.0,0.0,0.0,0,0
8070,1,0.59,0.59,0.59,0.59,0,0
8072,1,0.05000000000000001,0.05000000000000001,0.05000000000000001,0.05000000000000001,0,0
8064,1,0.8,0.8,0.8,0.8,0,0
8079,1,139.75,139.75,139.75,139.75,0,0
8080,4,60.400000000000006,78.7,25.0,241.60000000000002,0,0
8081,4,60.925,132.0,6.7,243.7,0,0
8087,1,13.99,13.99,13.99,13.99,0,0
8059,4,59.8475,120.0,0.9,239.39,0,0
8058,2,44.75,63.0,26.5,89.5,0,0
8075,7,35.59285714285714,52.0,0.9,249.15,0,0
8066,1,95.0,95.0,95.0,95.0,0,0
8100,2,2.000000004,4.0,8e-09,4.000000008,0,0
8082,2,16.125,19.5,12.75,32.25,0,0
8090,0,0.0,0.0,0.0,0.0,0,0
8035,6,52.66733333333334,60.0,43.0,316.004,0,0
8018,3,55.0,87.0,29.0,165.0,0,0
8032,1,0.1,0.1,0.1,0.1,0,0
8025,0,0.0,0.0,0.0,0.0,0,0
8021,2,2.51,4.92,0.1,5.02,0,0
8036,1,2.5,2.5,2.5,2.5,0,0
8010,4,134.7375,155.0,109.0,538.95,0,0
8031,1,3.44,3.44,3.44,3.44,0,0
8011,2,7.945,12.99,2.9,15.89,0,0
8005,2,49.845,69.69,30.0,99.69,0,0
8046,6,17.898333333333333,56.0,0.25,107.39,0,0
8048,11,46.60072727272727,86.95,2.65,512.608,0,0
8050,6,35.78333333333333,62.95,20.5,214.7,0,0
8016,0,0.0,0.0,0.0,0.0,0,0
8041,0,0.0,0.0,0.0,0.0,0,0
8039,0,0.0,0.0,0.0,0.0,0,0
8015,6,52.675000000000004,165.0,8.3,316.05,0,0
8052,1,24.0,24.0,24.0,24.0,0,0
8042,0,0.0,0.0,0.0,0.0,0,0
8019,3,39.36666666666667,63.0,0.1,118.1,0,0
8008,0,0.0,0.0,0.0,0.0,0,0
8003,0,0.0,0.0,0.0,0.0,0,0
8022,1,0.1,0.1,0.1,0.1,0,0
8026,0,0.0,0.0,0.0,0.0,0,0
8040,1,0.15,0.15,0.15,0.15,0,0
8043,3,40.99666666666667,68.0,5.5,122.99000000000001,0,0
8027,0,0.0,0.0,0.0,0.0,0,0
8013,6,79.09833333333334,99.0,26.0,474.59000000000003,0,0
8049,6,30.513333333333335,50.0,2.99,183.08,0,0
8030,0,0.0,0.0,0.0,0.0,0,0
8033,8,61.2525,125.0,0.12,490.02,0,0
8045,5,59.934000000000005,89.99,32.0,299.67,0,0
8034,1,85.0,85.0,85.0,85.0,0,0
8006,2,32.945,47.0,18.89,65.89,0,0
8007,2,59.0,62.0,56.0,118.0,0,0
8038,2,34.5,41.0,28.0,69.0,0,0
8017,0,0.0,0.0,0.0,0.0,0,0
8028,6,26.156666666666666,39.88,0.7,156.94,0,0
8009,2,25.585,48.0,3.17,51.17,0,0
8051,8,48.10375,121.0,0.25,384.83,0,0
8024,0,0.0,0.0,0.0,0.0,0,0
8014,2,25.4,41.0,9.8,50.8,0,0
8044,0,0.0,0.0,0.0,0.0,0,0
8020,3,13.0,38.69,0.08,39.0,0,0
8012,4,40.3725,150.0,0.49,161.49,0,0
8037,1,0.1,0.1,0.1,0.1,0,0
8047,0,0.0,0.0,0.0,0.0,0,0
8004,2,0.925,0.95,0.9,1.85,0,0
8023,1,89.99,89.99,89.99,89.99,0,0
8029,8,46.835,125.0,3.5,374.68,0,0
7995,1,2.4,2.4,2.4,2.4,0,0
8001,9,68.27444444444444,150.0,0.49,614.47,0,0
7996,4,136.0,300.0,10.0,544.0,0,0
7974,4,57.644999999999996,73.94,47.9,230.57999999999998,0,0
7965,8,50.44625,106.99,0.18,403.57,0,0
7987,3,51.86000000000001,80.0,29.99,155.58,0,0
8000,1,0.5,0.5,0.5,0.5,0,0
7981,2,28.245,46.0,10.49,56.49,0,0
7967,2,1.245,1.5,0.99,2.49,0,0
8002,4,40.7475,69.69,0.05,162.99,0,0
7989,6,24.896666666666665,50.0,5.0,149.38,0,0
7959,5,42.478,74.0,12.5,212.39000000000001,0,0
7976,1,0.1,0.1,0.1,0.1,0,0
7990,2,41.25,52.5,30.0,82.5,0,0
7964,5,42.378,70.7,2.9,211.89,0,0
7986,2,25.0,35.0,15.0,50.0,0,0
7971,3,239.65,398.95,85.0,718.95,0,0
7958,2,58.0,106.0,10.0,116.0,0,0
7979,3,0.8366666666666666,2.0,0.25,2.51,0,0
7978,0,0.0,0.0,0.0,0.0,0,0
7962,1,50.0,50.0,50.0,50.0,0,0
7977,5,35.898,47.5,25.0,179.49,0,0
7961,1,0.15,0.15,0.15,0.15,0,0
7957,4,32.3925,64.87,0.35,129.57,0,0
7972,2,9.815000000000001,9.99,9.64,19.630000000000003,0,0
7983,5,45.736000000000004,55.69,24.5,228.68,0,0
7970,3,67.64999999999999,80.0,61.0,202.95,0,0
7968,1,1.3,1.3,1.3,1.3,0,0
7991,0,0.0,0.0,0.0,0.0,0,0
7973,4,65.9225,75.0,55.0,263.69,0,0
7980,0,0.0,0.0,0.0,0.0,0,0
7955,8,32.652499999999996,104.24,2.9,261.21999999999997,0,0
7982,4,29.0625,62.0,0.25,116.25,0,0
7975,4,30.8,47.0,0.5,123.2,0,0
7994,0,0.0,0.0,0.0,0.0,0,0
7997,0,0.0,0.0,0.0,0.0,0,0
7966,0,0.0,0.0,0.0,0.0,0,0
7992,1,78.0,78.0,78.0,78.0,0,0
7956,2,110.5,141.0,80.0,221.0,0,0
7954,5,47.31,97.0,1.0,236.55,0,0
7993,2,0.24,0.38,0.1,0.48,0,0
7953,1,3.0,3.0,3.0,3.0,0,0
7960,5,27.630000000000003,54.96,0.2,138.15,0,0
7985,0,0.0,0.0,0.0,0.0,0,0
7984,6,73.33,150.0,28.49,439.98,0,0
7998,6,47.356985,75.9,1.25191,284.14191,0,0
7999,5,23.294,85.0,1.0,116.47,0,0
7963,2,93.485,94.97,92.0,186.97,0,0
7988,4,18.23605,34.0,2.9,72.9442,0,0
7969,6,66.56166666666667,97.0,50.0,399.37,0,0
7938,9,25.979444444444443,67.49,0.25,233.815,0,0
7909,7,21.494285714285716,29.47,16.0,150.46,0,0
7920,0,0.0,0.0,0.0,0.0,0,0
7924,2,15.719999999999999,29.99,1.45,31.439999999999998,0,0
7952,2,38.75,43.5,34.0,77.5,0,0
7935,0,0.0,0.0,0.0,0.0,0,0
7940,2,0.15000000000000002,0.2,0.1,0.30000000000000004,0,0
7937,0,0.0,0.0,0.0,0.0,0,0
7906,1,20.5,20.5,20.5,20.5,0,0
7930,3,47.32666666666666,140.0,0.69,141.98,0,0
7918,1,0.10810421246081223,0.10810421246081223,0.10810421246081223,0.10810421246081223,0,0
7944,1,120.0,120.0,120.0,120.0,0,0
7905,4,74.2425,91.0,55.99,296.97,0,0
7915,1,52.0,52.0,52.0,52.0,0,0
7914,0,0.0,0.0,0.0,0.0,0,0
7908,1,0.66,0.66,0.66,0.66,0,0
7951,0,0.0,0.0,0.0,0.0,0,0
7910,7,66.1542857142857,179.98,0.15,463.08,0,0
7925,4,28.295,73.0,0.08,113.18,0,0
7922,9,20.596666666666668,49.85,0.1,185.37,0,0
7950,3,58.96666666666667,75.9,32.0,176.9,0,0
7949,1,0.2,0.2,0.2,0.2,0,0
7945,4,51.8225,109.0,0.3,207.29,0,0
7933,2,0.575,0.65,0.5,1.15,0,0
7934,3,17.666666666666668,50.0,0.5,53.0,0,0
7926,1,0.05,0.05,0.05,0.05,0,0
7939,7,53.434285714285714,79.95,0.25,374.04,0,0
7928,1,0.2,0.2,0.2,0.2,0,0
7923,3,61.65,87.0,15.0,184.95,0,0
7931,5,33.686,68.79,0.89,168.43,0,0
7932,2,57.245000000000005,57.99,56.5,114.49000000000001,0,0
7948,2,73.955,77.95,69.96,147.91,0,0
7929,6,18.551666666666666,44.95,1.8,111.31,0,0
7911,2,0.565,1.0,0.13,1.13,0,0
7919,5,28.528,40.9,23.5,142.64,0,0
7947,1,0.05,0.05,0.05,0.05,0,0
7936,1,18.0,18.0,18.0,18.0,0,0
7904,0,0.0,0.0,0.0,0.0,0,0
7907,2,0.35,0.5,0.2,0.7,0,0
7941,6,68.64833333333333,82.99,63.99,411.89,0,0
7942,2,47.99745,50.9949,45.0,95.9949,0,0
7927,1,0.45,0.45,0.45,0.45,0,0
7946,5,116.6,249.0,17.0,583.0,0,0
7903,1,2.99,2.99,2.99,2.99,0,0
7917,3,20.76666666666667,31.1,0.2,62.300000000000004,0,0
7912,6,40.39,62.0,23.2,242.34,0,0
7921,5,69.088,87.95,29.0,345.44,0,0
7943,0,0.0,0.0,0.0,0.0,0,0
7916,6,13.1715,49.8,0.069,79.029,0,0
7913,8,68.8975,84.99,37.0,551.18,0,0
7891,3,63.36333333333334,64.9,61.5,190.09,0,0
7885,4,19.6175,30.95,0.52,78.47,0,0
7863,3,15.88,44.44,1.6,47.64,0,0
7901,2,207.5,260.0,155.0,415.0,0,0
7854,3,59.49666666666667,79.0,39.5,178.49,0,0
7866,1,0.15,0.15,0.15,0.15,0,0
7887,3,37.648333300000004,41.94499990000001,32.0,112.94499990000001,0,0
7860,0,0.0,0.0,0.0,0.0,0,0
7862,1,0.05,0.05,0.05,0.05,0,0
7880,1,0.05100050000300001,0.05100050000300001,0.05100050000300001,0.05100050000300001,0,0
7897,7,53.63285714285714,80.0,23.99,375.43,0,0
7864,3,16.996666666666666,26.95,0.25,50.989999999999995,0,0
7884,1,0.1,0.1,0.1,0.1,0,0
7875,1,1.75,1.75,1.75,1.75,0,0
7865,7,70.87714285714286,93.0,30.0,496.14,0,0
7896,3,27.849999999999998,50.0,8.0,83.55,0,0
7870,3,15.166666666666666,21.0,8.5,45.5,0,0
7890,2,73.495,84.99,62.0,146.99,0,0
7867,0,0.0,0.0,0.0,0.0,0,0
7902,0,0.0,0.0,0.0,0.0,0,0
7872,1,0.59,0.59,0.59,0.59,0,0
7878,1,25.0,25.0,25.0,25.0,0,0
7889,4,38.8725000000002,62.69,1.8,155.4900000000008,0,0
7898,2,11.495,18.99,4.0,22.99,0,0
7869,2,2.9450000000000003,3.99,1.9,5.890000000000001,0,0
7888,1,18.0,18.0,18.0,18.0,0,0
7874,2,60.0,100.0,20.0,120.0,0,0
7900,0,0.0,0.0,0.0,0.0,0,0
7859,0,0.0,0.0,0.0,0.0,0,0
7855,1,23.99,23.99,23.99,23.99,0,0
7882,0,0.0,0.0,0.0,0.0,0,0
7857,4,25.9,72.0,1.6,103.6,0,0
7871,0,0.0,0.0,0.0,0.0,0,0
7881,0,0.0,0.0,0.0,0.0,0,0
7886,0,0.0,0.0,0.0,0.0,0,0
7899,2,38.5,50.0,27.0,77.0,0,0
7894,4,40.225,48.0,21.4,160.9,0,0
7858,1,0.12,0.12,0.12,0.12,0,0
7876,7,16.431428571428572,54.99,0.25,115.02,0,0
7877,7,63.048571428571435,87.95,29.99,441.34000000000003,0,0
7893,1,23.5,23.5,23.5,23.5,0,0
7861,3,7.416666666666667,21.0,0.25,22.25,0,0
7895,1,140.0,140.0,140.0,140.0,0,0
7868,2,1.19,2.0,0.38,2.38,0,0
7892,3,136.33333333333334,169.0,120.0,409.0,0,0
7879,1,23.99,23.99,23.99,23.99,0,0
7873,1,27.99,27.99,27.99,27.99,0,0
7856,1,48.0,48.0,48.0,48.0,0,0
7883,2,33.23,41.97,24.49,66.46,0,0
7853,5,81.026,144.99,49.89,405.13,0,0
7828,5,49.376,129.99,0.39,246.88,0,0
7845,4,105.485,119.95,80.0,421.94,0,0
7850,0,0.0,0.0,0.0,0.0,0,0
7807,5,8.393,39.75,0.5,41.965,0,0
7840,2,33.5,49.0,18.0,67.0,0,0
7842,3,43.36333333333334,65.0,0.09,130.09,0,0
7829,0,0.0,0.0,0.0,0.0,0,0
7815,2,31.494999999999997,35.0,27.99,62.989999999999995,0,0
7836,2,33.95,66.9,1.0,67.9,0,0
7803,9,45.45777777777778,65.0,35.0,409.12,0,0
7823,3,76.60333333333334,84.87,69.99,229.81,0,0
7852,4,35.395,58.88,11.5,141.58,0,0
7817,0,0.0,0.0,0.0,0.0,0,0
7805,0,0.0,0.0,0.0,0.0,0,0
7835,7,35.30571428571429,130.0,0.2,247.14000000000001,0,0
7838,0,0.0,0.0,0.0,0.0,0,0
7821,5,72.952,119.0,49.88,364.76,0,0
7822,6,5.2299999999999995,18.25,0.29,31.38,0,0
7841,1,31.8,31.8,31.8,31.8,0,0
7846,4,138.4975,220.0,49.99,553.99,0,0
7809,2,14.895,15.49,14.3,29.79,0,0
7826,4,20.185000000000002,49.99,0.25,80.74000000000001,0,0
7827,1,0.9,0.9,0.9,0.9,0,0
7812,6,16.096666666666668,39.4,0.85,96.58,0,0
7819,4,20.4625,69.69,0.66,81.85,0,0
7820,1,58.499,58.499,58.499,58.499,0,0
7824,5,60.076,85.9,1.12,300.38,0,0
7848,3,26.666666666666668,50.0,10.0,80.0,0,0
7833,2,48.45,49.4,47.5,96.9,0,0
7816,6,45.55166666666667,110.0,17.0,273.31,0,0
7825,2,0.52,0.65,0.39,1.04,0,0
7851,2,52.65,105.0,0.3,105.3,0,0
7830,2,25.125,25.25,25.0,50.25,0,0
7804,3,3020.6666666666665,4849.999999999999,12.0,9062.0,0,0
7808,2,16.84,27.68,6.0,33.68,0,0
7837,4,38.065,74.47,9.3,152.26,0,0
7839,4,47.81,60.0,36.25,191.24,0,0
7847,7,80.87714285714286,124.99,26.5,566.14,0,0
7814,1,77.0,77.0,77.0,77.0,0,0
7834,2,35.795,67.0,4.59,71.59,0,0
7844,3,5.156666666666667,15.0,0.17,15.47,0,0
7813,0,0.0,0.0,0.0,0.0,0,0
7843,2,0.44499999999999995,0.59,0.3,0.8899999999999999,0,0
7811,7,38.89857142857143,72.95,0.2,272.29,0,0
7849,0,0.0,0.0,0.0,0.0,0,0
7810,6,28.929999999999996,44.49,1.1,173.57999999999998,0,0
7806,3,33.65,39.5,24.5,100.95,0,0
7818,6,64.49,95.0,26.0,386.94,0,0
7832,0,0.0,0.0,0.0,0.0,0,0
7831,0,0.0,0.0,0.0,0.0,0,0
7795,1,0.75,0.75,0.75,0.75,0,0
7770,5,52.693999999999996,65.99,34.69,263.46999999999997,0,0
7762,3,18.566666666666666,28.7,3.0,55.7,0,0
7793,0,0.0,0.0,0.0,0.0,0,0
7776,0,0.0,0.0,0.0,0.0,0,0
7796,0,0.0,0.0,0.0,0.0,0,0
7801,1,1.15,1.15,1.15,1.15,0,0
7777,4,5.0,10.0,0.5,20.0,0,0
7772,2,12.85,21.5,4.2,25.7,0,0
7761,0,0.0,0.0,0.0,0.0,0,0
7794,0,0.0,0.0,0.0,0.0,0,0
7759,0,0.0,0.0,0.0,0.0,0,0
7766,1,1.05,1.05,1.05,1.05,0,0
7802,1,1.6,1.6,1.6,1.6,0,0
7757,1,11.0,11.0,11.0,11.0,0,0
7789,6,57.461666666666666,84.5,26.88,344.77,0,0
7765,3,88.36666666666667,155.0,0.1,265.1,0,0
7781,0,0.0,0.0,0.0,0.0,0,0
7800,0,0.0,0.0,0.0,0.0,0,0
7787,0,0.0,0.0,0.0,0.0,0,0
7768,1,24.5,24.5,24.5,24.5,0,0
7798,1,0.16,0.16,0.16,0.16,0,0
7774,3,39.23,54.99,8.7,117.69,0,0
7754,1,7.3,7.3,7.3,7.3,0,0
7792,1,0.1,0.1,0.1,0.1,0,0
7780,1,0.53,0.53,0.53,0.53,0,0
7799,0,0.0,0.0,0.0,0.0,0,0
7753,3,101.66666666666667,135.0,50.0,305.0,0,0
7785,0,0.0,0.0,0.0,0.0,0,0
7764,4,59.67,110.0,10.88,238.68,0,0
7797,0,0.0,0.0,0.0,0.0,0,0
7773,1,46.69,46.69,46.69,46.69,0,0
7769,3,30.896666666666665,37.0,26.0,92.69,0,0
7786,1,50.0,50.0,50.0,50.0,0,0
7783,0,0.0,0.0,0.0,0.0,0,0
7788,3,33.166666666666664,59.0,16.0,99.5,0,0
7791,2,4.33,8.5,0.16,8.66,0,0
7784,0,0.0,0.0,0.0,0.0,0,0
7779,0,0.0,0.0,0.0,0.0,0,0
7775,0,0.0,0.0,0.0,0.0,0,0
7790,4,25.21,31.0,17.5,100.84,0,0
7767,0,0.0,0.0,0.0,0.0,0,0
7763,4,32.497475,46.49,24.5,129.9899,0,0
7758,12,37.225833333333334,93.0,0.14,446.71,0,0
7778,2,77.5,125.0,30.0,155.0,0,0
7771,4,43.67756320687354,49.82268801931635,27.43,174.71025282749417,0,0
7756,4,264.2725,1050.0,1.0,1057.09,0,0
7782,1,26.0,26.0,26.0,26.0,0,0
7760,1,5.0,5.0,5.0,5.0,0,0
7752,7,22.048571428571428,70.9,4.99,154.34,0,0
7733,3,21.883333333333336,56.0,3.8,65.65,0,0
7750,10,43.410000000000004,129.99,0.1,434.1,0,0
7711,8,52.9975,83.95,1.0,423.98,0,0
7741,2,9.719999999999999,18.95,0.49,19.439999999999998,0,0
7713,0,0.0,0.0,0.0,0.0,0,0
7736,3,31.400000000000002,54.95,0.25,94.2,0,0
7751,9,63.52333333333334,88.0,31.5,571.71,0,0
7716,2,13.415,25.95,0.88,26.83,0,0
7712,0,0.0,0.0,0.0,0.0,0,0
7748,3,150.66666666666666,240.0,92.0,452.0,0,0
7723,0,0.0,0.0,0.0,0.0,0,0
7735,6,54.88166666666667,81.0,0.29,329.29,0,0
7739,1,0.2,0.2,0.2,0.2,0,0
7728,1,56.0,56.0,56.0,56.0,0,0
7714,3,63.71666666666667,105.0,0.15,191.15,0,0
7742,1,2.94,2.94,2.94,2.94,0,0
7727,2,36.995,44.0,29.99,73.99,0,0
7708,3,49.083333333333336,74.0,13.5,147.25,0,0
7722,0,0.0,0.0,0.0,0.0,0,0
7706,2,33.0,65.0,1.0,66.0,0,0
7726,1,45.0,45.0,45.0,45.0,0,0
7738,2,90.94,99.88,82.0,181.88,0,0
7717,1,31.0,31.0,31.0,31.0,0,0
7724,1,0.15,0.15,0.15,0.15,0,0
7710,4,38.9875,56.0,22.0,155.95,0,0
7737,5,74.69800000000001,100.0,14.7,373.49,0,0
7725,1,0.46,0.46,0.46,0.46,0,0
7718,10,37.439,63.88,4.9,374.39,0,0
7747,5,45.826,48.97,42.59,229.13,0,0
7719,1,0.15,0.15,0.15,0.15,0,0
7730,5,15.197999999999999,23.0,1.0,75.99,0,0
7705,5,11.68,26.5,0.9,58.4,0,0
7734,0,0.0,0.0,0.0,0.0,0,0
7731,2,30.744999999999997,33.0,28.49,61.489999999999995,0,0
7732,0,0.0,0.0,0.0,0.0,0,0
7704,0,0.0,0.0,0.0,0.0,0,0
7703,10,33.974399,39.99,23.75,339.74399,0,0
7720,2,26.0,26.0,26.0,52.0,0,0
7715,9,45.80444444444444,99.95,1.2,412.24,0,0
7749,0,0.0,0.0,0.0,0.0,0,0
7707,3,79.16000000000001,99.98,68.0,237.48000000000002,0,0
7744,4,1.695,3.0,0.49,6.78,0,0
7746,5,82.518,129.99,0.1,412.59000000000003,0,0
7709,7,49.39971428571429,68.888,1.1,345.798,0,0
7745,2,26.985,30.97,23.0,53.97,0,0
7729,7,50.73142857142857,122.98,0.25,355.12,0,0
7743,2,34.5,36.0,33.0,69.0,0,0
7721,1,22.0,22.0,22.0,22.0,0,0
7740,6,61.16833333333333,107.0,3.31,367.01,0,0
7664,1,66.0,66.0,66.0,66.0,0,0
7675,2,71.2,119.5,22.9,142.4,0,0
7682,6,63.775,83.5,31.4,382.65,0,0
7674,4,224.0925,342.69,67.0,896.37,0,0
7665,2,94.0,108.0,80.0,188.0,0,0
7663,2,67.625,85.55,49.7,135.25,0,0
7658,4,21.535,55.55,2.3,86.14,0,0
7671,1,75.0,75.0,75.0,75.0,0,0
7690,0,0.0,0.0,0.0,0.0,0,0
7692,5,33.38,89.99,0.33,166.9,0,0
7700,1,80.0,80.0,80.0,80.0,0,0
7687,0,0.0,0.0,0.0,0.0,0,0
7701,0,0.0,0.0,0.0,0.0,0,0
7694,0,0.0,0.0,0.0,0.0,0,0
7672,5,64.95,71.45,50.9,324.75,0,0
7654,1,1.45,1.45,1.45,1.45,0,0
7696,3,56.22666666666667,77.99,21.0,168.68,0,0
7661,0,0.0,0.0,0.0,0.0,0,0
7695,2,4.995,7.99,2.0,9.99,0,0
7691,1,0.05,0.05,0.05,0.05,0,0
7698,0,0.0,0.0,0.0,0.0,0,0
7666,1,0.6,0.6,0.6,0.6,0,0
7697,2,97.5,100.0,95.0,195.0,0,0
7702,3,21.646666666666665,49.49,0.25,64.94,0,0
7655,3,74.06333333333333,101.5,20.69,222.19,0,0
7699,0,0.0,0.0,0.0,0.0,0,0
7680,1,27.9,27.9,27.9,27.9,0,0
7684,5,28.2902,65.0,0.001,141.451,0,0
7668,6,34.255,56.0,15.29,205.53,0,0
7686,0,0.0,0.0,0.0,0.0,0,0
7677,4,105.47,250.0,52.5,421.88,0,0
7660,0,0.0,0.0,0.0,0.0,0,0
7678,7,34.46142857142857,95.0,19.7,241.23,0,0
7656,6,135.69833333333332,374.95,0.55,814.1899999999999,0,0
7659,1,0.15,0.15,0.15,0.15,0,0
7653,0,0.0,0.0,0.0,0.0,0,0
7688,0,0.0,0.0,0.0,0.0,0,0
7693,6,41.33166666666667,63.5,9.5,247.99,0,0
7683,2,96.975,99.0,94.95,193.95,0,0
7657,0,0.0,0.0,0.0,0.0,0,0
7676,1,64.0,64.0,64.0,64.0,0,0
7662,9,32.85666666666666,47.0,18.98,295.71,0,0
7670,3,68.66666666666667,83.0,41.0,206.0,0,0
7685,2,59.0,60.0,58.0,118.0,0,0
7679,1,82.28,82.28,82.28,82.28,0,0
7667,9,58.94222222222223,149.99,25.0,530.48,0,0
7669,2,88.975,93.0,84.95,177.95,0,0
7681,6,41.895,133.34,19.97,251.37,0,0
7689,0,0.0,0.0,0.0,0.0,0,0
7673,2,57.695,93.39,22.0,115.39,0,0
7605,7,62.221428571428575,87.0,27.0,435.55,0,0
7637,4,115.3375,147.5,94.0,461.35,0,0
7646,11,20.884149131439003,48.5,0.05,229.72564044582901,0,0
7651,3,24.959999999999997,34.99,10.89,74.88,0,0
7641,8,113.69875,272.0,0.94,909.59,0,0
7630,1,9.99,9.99,9.99,9.99,0,0
7635,1,15.0,15.0,15.0,15.0,0,0
7604,0,0.0,0.0,0.0,0.0,0,0
7615,3,31.400000000000002,47.99,0.11,94.2,0,0
7647,4,32.677499999999995,65.46,0.5,130.70999999999998,0,0
7645,4,25.869999999999997,37.69,2.0,103.47999999999999,0,0
7648,2,89.5,109.0,70.0,179.0,0,0
7652,4,41.7875,68.0,0.15,167.15,0,0
7650,1,83.0,83.0,83.0,83.0,0,0
7638,1,0.29,0.29,0.29,0.29,0,0
7639,0,0.0,0.0,0.0,0.0,0,0
7627,4,15.0975,22.99,4.0,60.39,0,0
7603,0,0.0,0.0,0.0,0.0,0,0
7613,3,44.666666666666664,71.0,6.0,134.0,0,0
7632,1,64.0,64.0,64.0,64.0,0,0
7607,2,46.75,52.5,41.0,93.5,0,0
7626,3,55.879999999999995,80.0,37.65,167.64,0,0
7633,7,28.888571428571428,99.98,2.9,202.22,0,0
7612,1,81.99,81.99,81.99,81.99,0,0
7608,14,24.608571428571427,45.48,0.88,344.52,0,0
7640,0,0.0,0.0,0.0,0.0,0,0
7623,1,0.25,0.25,0.25,0.25,0,0
7642,2,4.975,6.25,3.7,9.95,0,0
7628,9,51.82888888888888,105.98,2.9,466.46,0,0
7611,7,61.121428571428574,95.0,0.4,427.85,0,0
7606,0,0.0,0.0,0.0,0.0,0,0
7614,0,0.0,0.0,0.0,0.0,0,0
7616,0,0.0,0.0,0.0,0.0,0,0
7643,0,0.0,0.0,0.0,0.0,0,0
7624,3,57.166666666666664,118.0,25.0,171.5,0,0
7644,0,0.0,0.0,0.0,0.0,0,0
7621,1,30.0,30.0,30.0,30.0,0,0
7619,1,1.1,1.1,1.1,1.1,0,0
7617,0,0.0,0.0,0.0,0.0,0,0
7631,2,0.6825,1.24,0.125,1.365,0,0
7625,3,21.706666666666667,47.0,1.52,65.12,0,0
7649,1,58.0,58.0,58.0,58.0,0,0
7620,1,44.654,44.654,44.654,44.654,0,0
7634,6,22.626499999999997,36.979,0.5,135.759,0,0
7618,1,58.0,58.0,58.0,58.0,0,0
7622,8,121.68625,260.0,48.0,973.49,0,0
7610,5,23.0432,49.5,0.3,115.216,0,0
7609,4,21.4875,57.75,0.2,85.95,0,0
7629,2,0.34,0.4,0.28,0.68,0,0
7636,1,8.49,8.49,8.49,8.49,0,0
7592,1,21.0,21.0,21.0,21.0,0,0
7595,1,0.3,0.3,0.3,0.3,0,0
7570,1,0.5,0.5,0.5,0.5,0,0
7573,0,0.0,0.0,0.0,0.0,0,0
7589,1,40.0,40.0,40.0,40.0,0,0
7567,4,56.564525,74.99,25.5,226.2581,0,0
7569,7,72.23857142857143,222.22,0.05,505.67,0,0
7582,3,31.826666666666664,35.48,30.0,95.47999999999999,0,0
7594,2,40.790000000000006,47.59,33.99,81.58000000000001,0,0
7564,13,48.91692307692308,80.0,1.4,635.92,0,0
7557,7,44.77628571428572,85.0,4.444,313.434,0,0
7579,0,0.0,0.0,0.0,0.0,0,0
7598,4,28.997500000000002,57.95,0.9,115.99000000000001,0,0
7554,8,62.11625,180.0,0.45,496.93,0,0
7583,0,0.0,0.0,0.0,0.0,0,0
7555,2,20.875,23.0,18.75,41.75,0,0
7566,1,16.0,16.0,16.0,16.0,0,0
7561,1,65.0,65.0,65.0,65.0,0,0
7580,1,1.5,1.5,1.5,1.5,0,0
7574,2,40.9895,54.98,26.999,81.979,0,0
7602,3,65.64999999999999,94.95,16.5,196.95,0,0
7578,1,0.05000000000000001,0.05000000000000001,0.05000000000000001,0.05000000000000001,0,0
7553,3,94.83333333333333,140.0,20.0,284.5,0,0
7596,1,51.51,51.51,51.51,51.51,0,0
7601,0,0.0,0.0,0.0,0.0,0,0
7591,2,25.494999999999997,28.5,22.49,50.989999999999995,0,0
7558,5,13.356,33.0,0.1,66.78,0,0
7593,4,14.370000000000001,43.49,1.5,57.480000000000004,0,0
7590,1,30.0,30.0,30.0,30.0,0,0
7571,7,19.21142857142857,55.0,1.2,134.48,0,0
7559,1,34.0,34.0,34.0,34.0,0,0
7568,4,77.9675,125.0,21.99,311.87,0,0
7581,0,0.0,0.0,0.0,0.0,0,0
7556,6,24.361666666666665,53.25,14.99,146.17,0,0
7585,1,85.0,85.0,85.0,85.0,0,0
7584,0,0.0,0.0,0.0,0.0,0,0
7565,1,23.0,23.0,23.0,23.0,0,0
7600,0,0.0,0.0,0.0,0.0,0,0
7586,0,0.0,0.0,0.0,0.0,0,0
7572,3,49.333333333333336,65.0,32.0,148.0,0,0
7599,2,0.2,0.3,0.1,0.4,0,0
7562,5,32.298,74.5,0.1,161.49,0,0
7588,0,0.0,0.0,0.0,0.0,0,0
7587,0,0.0,0.0,0.0,0.0,0,0
7575,8,15.04,51.5,0.1,120.32,0,0
7576,3,12.56,27.49,0.5,37.68,0,0
7560,4,43.245000000000005,54.99,35.99,172.98000000000002,0,0
7597,0,0.0,0.0,0.0,0.0,0,0
7577,0,0.0,0.0,0.0,0.0,0,0
7563,4,48.105000000000004,75.0,20.0,192.42000000000002,0,0
7512,0,0.0,0.0,0.0,0.0,0,0
7530,4,36.4325,85.0,0.25,145.73,0,0
7513,2,29.6,59.0,0.2,59.2,0,0
7503,7,23.798571428571428,52.45,0.25,166.59,0,0
7515,2,12.495000000000001,13.99,11.0,24.990000000000002,0,0
7540,8,40.4725,120.0,0.1,323.78,0,0
7538,0,0.0,0.0,0.0,0.0,0,0
7545,3,130.66666666666666,143.0,120.0,392.0,0,0
7508,7,17.055714285714284,35.31,1.43,119.39,0,0
7531,5,75.680002,100.0,65.00001,378.40001,0,0
7529,0,0.0,0.0,0.0,0.0,0,0
7525,10,42.668,115.0,0.25,426.68,0,0
7509,9,22.093333333333334,50.5,0.6,198.84,0,0
7550,2,37.625,75.0,0.25,75.25,0,0
7551,3,78.32666666666667,94.98,70.0,234.98000000000002,0,0
7521,4,16.633325,30.0,1.5333,66.5333,0,0
7536,1,84.5,84.5,84.5,84.5,0,0
7547,2,41.495,54.0,28.99,82.99,0,0
7517,0,0.0,0.0,0.0,0.0,0,0
7548,0,0.0,0.0,0.0,0.0,0,0
7518,0,0.0,0.0,0.0,0.0,0,0
7506,8,49.34375,66.7,19.75,394.75,0,0
7520,0,0.0,0.0,0.0,0.0,0,0
7505,11,44.44,72.89,3.0,488.84,0,0
7549,3,72.66333333333334,89.0,53.99,217.99,0,0
7523,1,8.0,8.0,8.0,8.0,0,0
7544,3,34.21333333333333,80.0,0.15,102.64,0,0
7522,4,30.9125,69.0,0.3,123.65,0,0
7511,0,0.0,0.0,0.0,0.0,0,0
7532,7,60.699999999999996,92.0,35.0,424.9,0,0
7539,0,0.0,0.0,0.0,0.0,0,0
7542,7,50.291428571428575,70.5,10.9,352.04,0,0
7504,1,11.0,11.0,11.0,11.0,0,0
7510,1,30.0,30.0,30.0,30.0,0,0
7519,6,92.98,124.95,44.99,557.88,0,0
7527,3,31.71666666666667,53.0,0.15,95.15,0,0
7526,11,42.6959,75.57,0.25,469.6549,0,0
7541,0,0.0,0.0,0.0,0.0,0,0
7516,2,30.375,60.0,0.75,60.75,0,0
7543,2,14.975,29.0,0.95,29.95,0,0
7507,1,28.49,28.49,28.49,28.49,0,0
7535,3,150.0,210.0,105.0,450.0,0,0
7546,0,0.0,0.0,0.0,0.0,0,0
7524,2,12.625,25.0,0.25,25.25,0,0
7533,2,133.0,155.0,111.0,266.0,0,0
7514,1,15.0,15.0,15.0,15.0,0,0
7552,10,49.789,70.0,11.0,497.89,0,0
7537,0,0.0,0.0,0.0,0.0,0,0
7534,3,0.6633333333333333,0.89,0.35,1.99,0,0
7528,4,33.56,115.0,0.06,134.24,0,0
7493,4,43.8875,88.0,0.15,175.55,0,0
7456,4,73.2375,87.0,59.0,292.95,0,0
7501,5,85.15599999999999,218.69,7.89,425.78,0,0
7472,6,14.701666666666666,81.0,0.3,88.21,0,0
7464,1,0.1,0.1,0.1,0.1,0,0
7455,1,2.1,2.1,2.1,2.1,0,0
7488,1,88.0,88.0,88.0,88.0,0,0
7458,4,164.5175,600.0,0.97,658.07,0,0
7467,1,0.1,0.1,0.1,0.1,0,0
7470,2,23.56,47.07,0.05,47.12,0,0
7478,2,0.16999999999999998,0.29,0.05,0.33999999999999997,0,0
7491,1,0.58,0.58,0.58,0.58,0,0
7480,2,63.75,71.0,56.5,127.5,0,0
7457,0,0.0,0.0,0.0,0.0,0,0
7496,0,0.0,0.0,0.0,0.0,0,0
7494,9,39.511111111111106,62.0,6.1,355.59999999999997,0,0
7454,3,56.333333333333336,83.0,3.0,169.0,0,0
7484,7,21.457142857142856,66.69,0.5,150.2,0,0
7490,0,0.0,0.0,0.0,0.0,0,0
7483,4,38.972500000000004,77.9,19.99,155.89000000000001,0,0
7482,3,37.04666666666666,43.86,32.3,111.13999999999999,0,0
7477,0,0.0,0.0,0.0,0.0,0,0
7476,1,28.99,28.99,28.99,28.99,0,0
7498,0,0.0,0.0,0.0,0.0,0,0
7486,4,5.425000000000001,16.35,0.9,21.700000000000003,0,0
7460,0,0.0,0.0,0.0,0.0,0,0
7495,6,41.35166666666667,64.74,19.99,248.10999999999999,0,0
7500,0,0.0,0.0,0.0,0.0,0,0
7499,2,67.995,80.0,55.99,135.99,0,0
7459,1,21.49,21.49,21.49,21.49,0,0
7461,7,51.870000000000005,94.29,6.4e-17,363.09000000000003,0,0
7471,2,69.25,138.0,0.5,138.5,0,0
7474,5,26.998,56.69,0.11,134.99,0,0
7453,0,0.0,0.0,0.0,0.0,0,0
7479,5,132.9,182.0,86.5,664.5,0,0
7462,1,14.41,14.41,14.41,14.41,0,0
7497,0,0.0,0.0,0.0,0.0,0,0
7502,10,21.083000000000002,46.5,1.6,210.83,0,0
7469,1,25.25,25.25,25.25,25.25,0,0
7475,1,0.3,0.3,0.3,0.3,0,0
7465,4,77.9425,130.0,0.77,311.77,0,0
7466,0,0.0,0.0,0.0,0.0,0,0
7492,6,65.165,109.0,39.0,390.99,0,0
7489,2,23.975,25.0,22.95,47.95,0,0
7473,6,19.081666666666667,105.0,0.5,114.49,0,0
7468,7,42.08142857142857,155.0,0.3,294.57,0,0
7463,12,37.543083333333335,77.0,14.45,450.517,0,0
7481,2,42.25,73.5,11.0,84.5,0,0
7487,5,85.2,95.0,75.0,426.0,0,0
7485,1,0.2,0.2,0.2,0.2,0,0
7424,0,0.0,0.0,0.0,0.0,0,0
7426,1,74.0,74.0,74.0,74.0,0,0
7415,1,33.0,33.0,33.0,33.0,0,0
7420,0,0.0,0.0,0.0,0.0,0,0
7434,3,150.33333333333334,208.0,88.0,451.0,0,0
7449,1,50.0,50.0,50.0,50.0,0,0
7448,3,56.6,72.0,48.0,169.8,0,0
7403,0,0.0,0.0,0.0,0.0,0,0
7407,4,31.2525,75.0,0.32,125.01,0,0
7428,3,34.766666666666666,39.8,32.0,104.3,0,0
7451,2,92.5,97.0,88.0,185.0,0,0
7429,6,39.721666666666664,67.47,13.75,238.32999999999998,0,0
7446,6,44.23833333333334,60.0,0.25,265.43,0,0
7405,2,25.990000000000002,30.0,21.98,51.980000000000004,0,0
7411,4,45.195,59.78,34.0,180.78,0,0
7408,6,59.24666666666667,140.0,16.0,355.48,0,0
7410,0,0.0,0.0,0.0,0.0,0,0
7422,2,5.09,10.0,0.18,10.18,0,0
7436,0,0.0,0.0,0.0,0.0,0,0
7416,8,41.48875,59.6,0.9,331.91,0,0
7414,1,100.0,100.0,100.0,100.0,0,0
7441,3,0.37666666666666665,0.49,0.2,1.13,0,0
7406,5,31.633999999999997,69.69,19.0,158.17,0,0
7430,1,37.0,37.0,37.0,37.0,0,0
7433,1,67.0,67.0,67.0,67.0,0,0
7431,1,0.43,0.43,0.43,0.43,0,0
7425,6,94.42333333333333,269.0,0.1,566.54,0,0
7452,1,0.05,0.05,0.05,0.05,0,0
7409,9,52.96,100.0,5.75,476.64,0,0
7450,0,0.0,0.0,0.0,0.0,0,0
7413,0,0.0,0.0,0.0,0.0,0,0
7417,0,0.0,0.0,0.0,0.0,0,0
7447,4,39.2225,72.0,22.0,156.89,0,0
7438,3,44.63333333333333,61.95,17.0,133.9,0,0
7445,0,0.0,0.0,0.0,0.0,0,0
7418,2,130.0,145.0,115.0,260.0,0,0
7440,5,25.38,46.0,0.23,126.89999999999999,0,0
7442,2,0.115,0.22,0.01,0.23,0,0
7444,3,30.983333333333334,33.0,28.45,92.95,0,0
7412,1,0.3,0.3,0.3,0.3,0,0
7404,7,75.14285714285714,150.0,18.0,526.0,0,0
7437,0,0.0,0.0,0.0,0.0,0,0
7432,0,0.0,0.0,0.0,0.0,0,0
7427,11,45.892727272745454,101.75,0.42,504.8200000002,0,0
7435,10,17.639,50.05,0.43,176.39,0,0
7421,7,6.662857142857143,18.0,0.29,46.64,0,0
7419,2,0.32,0.39,0.25,0.64,0,0
7423,2,0.545,0.79,0.3,1.09,0,0
7443,15,41.924,123.36,1.1,628.86,0,0
7439,4,40.975,160.0,0.8,163.9,0,0
7358,1,30.0,30.0,30.0,30.0,0,0
7355,4,53.3285,119.23,0.094,213.314,0,0
7391,2,7.675,14.0,1.35,15.35,0,0
7375,6,16.578333333333333,28.48,0.25,99.47,0,0
7384,2,44.61,88.0,1.22,89.22,0,0
7387,1,1.45,1.45,1.45,1.45,0,0
7392,11,24.86909090909091,99.69,0.4,273.56,0,0
7368,5,35.32,88.0,0.25,176.6,0,0
7353,2,53.4,100.0,6.8,106.8,0,0
7376,3,56.666666666666664,65.0,50.0,170.0,0,0
7389,1,25.0,25.0,25.0,25.0,0,0
7372,2,152.0,155.0,149.0,304.0,0,0
7393,0,0.0,0.0,0.0,0.0,0,0
7373,0,0.0,0.0,0.0,0.0,0,0
7388,3,18.413333333333334,23.75,15.5,55.24,0,0
7370,2,64.095,75.69,52.5,128.19,0,0
7380,2,87.25,104.0,70.5,174.5,0,0
7364,3,46.666666666666664,58.5,33.0,140.0,0,0
7366,1,0.13,0.13,0.13,0.13,0,0
7400,2,71.875,75.75,68.0,143.75,0,0
7354,4,35.3625,51.0,17.0,141.45,0,0
7399,1,15.0,15.0,15.0,15.0,0,0
7386,6,102.47166666666668,144.88,60.0,614.83,0,0
7395,1,0.15,0.15,0.15,0.15,0,0
7365,0,0.0,0.0,0.0,0.0,0,0
7357,3,137.33333333333334,160.0,125.0,412.0,0,0
7397,0,0.0,0.0,0.0,0.0,0,0
7378,3,41.99666666666666,51.0,29.99,125.99,0,0
7402,8,54.06625,103.5,20.5,432.53,0,0
7374,1,10.9,10.9,10.9,10.9,0,0
7356,3,73.0,109.0,50.0,219.0,0,0
7360,3,154.353,313.37,6.999,463.059,0,0
7401,3,18.326666666666664,26.99,4.99,54.98,0,0
7371,1,0.55,0.55,0.55,0.55,0,0
7390,2,3.2,6.0,0.4,6.4,0,0
7359,2,38.15,43.5,32.8,76.3,0,0
7396,0,0.0,0.0,0.0,0.0,0,0
7398,1,0.1,0.1,0.1,0.1,0,0
7377,7,29.594271428571428,44.49,18.5,207.1599,0,0
7394,0,0.0,0.0,0.0,0.0,0,0
7361,5,58.972,75.0,36.5,294.86,0,0
7369,1,0.15,0.15,0.15,0.15,0,0
7383,3,13.916666666666666,33.0,1.5,41.75,0,0
7362,0,0.0,0.0,0.0,0.0,0,0
7385,1,0.25,0.25,0.25,0.25,0,0
7363,1,0.15,0.15,0.15,0.15,0,0
7367,0,0.0,0.0,0.0,0.0,0,0
7381,0,0.0,0.0,0.0,0.0,0,0
7382,0,0.0,0.0,0.0,0.0,0,0
7379,0,0.0,0.0,0.0,0.0,0,0
7304,6,30.14833333333333,78.0,3.5,180.89,0,0
7334,0,0.0,0.0,0.0,0.0,0,0
7347,5,8.398,22.99,0.85,41.989999999999995,0,0
7309,3,40.77633333333333,120.0,1.13,122.329,0,0
7305,3,40.71666666666667,119.0,0.7,122.15,0,0
7316,1,27.5,27.5,27.5,27.5,0,0
7310,2,53.995000000000005,61.0,46.99,107.99000000000001,0,0
7323,7,24.885714285714283,47.25,0.9,174.2,0,0
7335,7,55.49285714285714,114.95,8.1,388.45,0,0
7330,0,0.0,0.0,0.0,0.0,0,0
7320,1,25.0,25.0,25.0,25.0,0,0
7339,1,0.35,0.35,0.35,0.35,0,0
7327,5,23.119999999999997,39.69,1.45,115.6,0,0
7325,7,41.13285714285714,115.0,8.25,287.93,0,0
7326,6,22.138333333333335,79.4,0.9,132.83,0,0
7349,5,22.59,45.0,8.1,112.95,0,0
7319,1,0.2,0.2,0.2,0.2,0,0
7318,0,0.0,0.0,0.0,0.0,0,0
7345,3,35.38666666666666,68.95,14.99,106.16,0,0
7307,8,50.1975,109.95,1.99,401.58,0,0
7352,0,0.0,0.0,0.0,0.0,0,0
7338,7,98.91285714285713,200.0,2.4,692.39,0,0
7328,0,0.0,0.0,0.0,0.0,0,0
7333,0,0.0,0.0,0.0,0.0,0,0
7332,5,30.839999999999996,40.45,22.0,154.2,0,0
7346,1,90.0,90.0,90.0,90.0,0,0
7308,2,17.244999999999997,17.99,16.5,34.489999999999995,0,0
7313,4,25.16,49.95,0.89,100.64,0,0
7340,1,74.0,74.0,74.0,74.0,0,0
7344,3,35.526666666666664,79.0,5.1,106.58,0,0
7306,6,20.7000165,95.0001,1.499999,124.20009900000001,0,0
7351,1,25.99,25.99,25.99,25.99,0,0
7343,5,28.964,87.0,0.1,144.82,0,0
7315,1,0.15,0.15,0.15,0.15,0,0
7336,1,25.5,25.5,25.5,25.5,0,0
7331,3,119.58333333333333,225.0,0.05,358.75,0,0
7342,1,40.0,40.0,40.0,40.0,0,0
7303,0,0.0,0.0,0.0,0.0,0,0
7322,2,62.5,77.0,48.0,125.0,0,0
7317,8,64.4175,125.0,0.56,515.34,0,0
7324,0,0.0,0.0,0.0,0.0,0,0
7311,0,0.0,0.0,0.0,0.0,0,0
7321,1,0.55,0.55,0.55,0.55,0,0
7348,0,0.0,0.0,0.0,0.0,0,0
7350,2,33.16,41.37,24.95,66.32,0,0
7337,0,0.0,0.0,0.0,0.0,0,0
7329,1,0.235,0.235,0.235,0.235,0,0
7314,6,43.15833333333333,58.0,28.0,258.95,0,0
7312,4,29.8625,89.0,0.25,119.45,0,0
7341,4,31.3825,47.69,0.05,125.53,0,0
7266,1,16.9,16.9,16.9,16.9,0,0
7288,0,0.0,0.0,0.0,0.0,0,0
7276,1,0.175,0.175,0.175,0.175,0,0
7282,1,59.999,59.999,59.999,59.999,0,0
7278,3,5.68,15.45,0.6,17.04,0,0
7270,5,49.374,86.0,0.3,246.87,0,0
7268,3,25.7,69.69,3.2,77.1,0,0
7267,0,0.0,0.0,0.0,0.0,0,0
7275,1,0.29,0.29,0.29,0.29,0,0
7256,1,25.0,25.0,25.0,25.0,0,0
7279,6,32.373333333333335,87.95,0.39,194.24,0,0
7272,4,51.5,76.0,18.0,206.0,0,0
7261,7,97.07142857142857,285.0,1.0,679.5,0,0
7285,0,0.0,0.0,0.0,0.0,0,0
7258,2,62.6,104.2,21.0,125.2,0,0
7301,0,0.0,0.0,0.0,0.0,0,0
7286,1,0.05,0.05,0.05,0.05,0,0
7302,0,0.0,0.0,0.0,0.0,0,0
7297,3,55.32333333333333,86.99,29.0,165.97,0,0
7271,8,42.97375,72.99,4.75,343.79,0,0
7264,11,32.86818181818182,62.0,1.5,361.55,0,0
7262,1,99.0,99.0,99.0,99.0,0,0
7283,4,72.9975,175.0,27.0,291.99,0,0
7259,0,0.0,0.0,0.0,0.0,0,0
7255,8,47.165,94.99,15.0,377.32,0,0
7291,0,0.0,0.0,0.0,0.0,0,0
7269,0,0.0,0.0,0.0,0.0,0,0
7300,0,0.0,0.0,0.0,0.0,0,0
7298,8,74.52571125,132.0,1.5,596.20569,0,0
7273,2,269.345,369.69,169.0,538.69,0,0
7295,1,0.08,0.08,0.08,0.08,0,0
7265,6,29.771666666666665,55.65,14.9,178.63,0,0
7280,2,53.760000000000005,58.5,49.02,107.52000000000001,0,0
7296,0,0.0,0.0,0.0,0.0,0,0
7292,1,0.3,0.3,0.3,0.3,0,0
7281,10,7.169,24.8,0.3,71.69,0,0
7294,6,94.07833333333333,125.0,79.95,564.47,0,0
7277,0,0.0,0.0,0.0,0.0,0,0
7293,1,10.0,10.0,10.0,10.0,0,0
7284,1,0.21,0.21,0.21,0.21,0,0
7253,0,0.0,0.0,0.0,0.0,0,0
7290,4,18.275,27.0,2.1,73.1,0,0
7274,7,44.81,84.95,0.3,313.67,0,0
7257,4,3.175,9.0,0.25,12.7,0,0
